2984 4359
432 291 542 342 amns
567 289 615 343 1v.
667 291 696 342 o.
723 289 922 343 amoma
1138 278 1181 345 57

176 464 314 540 saginam
335 463 476 524 ferarum
497 462 618 523 muneri
642 470 899 541 praeparatarum
922 463 1025 524 carius
1047 464 1181 542 pecudes

176 574 438 648 compararentur,
461 586 501 627 ex
521 567 625 629 noxiis
650 566 815 628 laniandos
839 568 1004 630 adnotavit
1028 575 1060 629 et
1082 577 1182 631 custo

176 675 296 735 diarum
312 673 425 734 seriem
439 690 670 749 recognoscens,
681 672 801 733 nullius
815 672 958 752 inspecto
971 674 1081 750 elogio,
1094 681 1181 737 stans

176 785 296 841 tantum
310 779 403 839 modo
417 779 502 839 intra
515 777 672 856 porticum
682 777 828 854 mediam,
838 798 859 839 a
871 780 955 839 calco
979 812 1090 861 pm„

175 890 216 946 cd
228 888 348 946 calvam
362 883 434 944 duci
445 882 621 962 imperavit.
664 884 782 943 Votum
797 882 902 961 exegit
915 884 955 944 ab
980 888 1110 948 emeres
1120 887 1147 936 of
1197 895 1212 940 c

176 1011 219 1066 eo,
234 990 291 1068 qui
313 1009 370 1068 pro
391 989 492 1050 salute
512 1007 569 1049 sua
589 987 810 1066 gladiatoriam
828 1007 955 1067 operam

980 963 1080 1024 emelty

175 1096 371 1175 promiserat,
394 1095 611 1173 spectavitque
636 1093 721 1154 ferro
745 1093 957 1169 dimicantem,
978 1113 1037 1155 nec
1060 1095 1182 1157 dimisit

175 1201 236 1263 nisi
261 1201 414 1260 victorem
438 1204 471 1259 et
495 1205 567 1278 post
591 1198 708 1260 multas
732 1217 848 1278 preces.
893 1200 1047 1276 Alterum,
1070 1200 1124 1278 qui
1148 1219 1182 1262 se

176 1306 350 1384 periturum
362 1323 399 1365 ea
407 1304 446 1364 de
457 1322 553 1365 causa
561 1309 699 1381 voverat,
709 1310 911 1365 cunctantem
920 1303 1026 1383 pueris
1035 1305 1181 1382 tradidit,

176 1412 381 1472 verberatum
405 1409 639 1487 infulatumque
663 1415 773 1469 votnm
796 1415 994 1489 reposcentes
1019 1429 1074 1489 per
1097 1410 1182 1471 vicos
1199 1421 1228 1467 10

176 1521 312 1593 agerent,
325 1514 428 1592 quoad
442 1513 703 1593 praecipitaretur
713 1532 753 1574 ex
764 1532 884 1591 aggere.
927 1514 1047 1576 Multos
1057 1515 1182 1576 honesti

176 1621 305 1696 ordinis,
320 1620 512 1680 deformatos
530 1619 618 1697 prius
638 1619 822 1696 stigmatum
841 1620 934 1696 notis,
948 1621 990 1681 ad
1008 1621 1137 1681 metalla
1150 1627 1184 1682 et

176 1726 368 1786 munitiones
385 1725 508 1785 viarum
526 1728 582 1785 aut
600 1725 642 1785 ad
660 1724 779 1785 bestias
795 1725 1024 1801 condemnavit,
1042 1732 1097 1786 aut
1117 1727 1183 1787 bes

175 1831 292 1892 tiarum
307 1848 391 1889 more
403 1828 613 1908 quadripedes
628 1847 723 1890 eavea
736 1829 883 1905 coercuit,
894 1836 950 1891 aut
964 1830 1083 1892 medios
1098 1850 1184 1892 serra

176 1935 343 2010 dissecuit,
366 1953 425 1995 nec
443 1952 551 1995 omnes
568 1932 717 2012 gravibus
736 1952 776 1995 ex
794 1934 907 2011 causis,
921 1953 1031 1996 verum
1048 1936 1129 1997 male
1143 1937 1183 1998 de
1199 1948 1228 1994 1⁶

176 2059 302 2101 munere
332 2059 389 2100 suo
416 2039 571 2117 opinatos,
596 2038 647 2100 vel
672 2039 756 2118 quod
781 2059 952 2118 numquam
976 2059 1032 2119 per
1056 2041 1182 2117 genium

176 2166 266 2207 suum
284 2144 485 2206 deierassent.
528 2145 681 2205 Parentes
703 2144 859 2223 supplicio
877 2144 1014 2205 filiorum
1031 2145 1182 2207 interesse

176 2251 323 2328 cogebat3
354 2269 487 2327 quorum
517 2249 573 2309 uni
603 2249 818 2310 valetudinem
845 2250 1009 2311 excusanti
1039 2251 1183 2313 lecticam

176 2357 272 2432 misit,
287 2355 386 2416 alium
408 2374 428 2415 a
449 2354 628 2432 spectaculo
646 2372 765 2433 poenae
784 2354 888 2433 epulis
908 2356 1016 2415 statim
1038 2356 1184 2417 adhibuit

66 2464 70 2472 '
177 2466 269 2539 atque
291 2460 377 2520 omni
398 2458 546 2519 comitate
567 2459 608 2520 ad
627 2458 822 2520 hilaritatem
839 2465 872 2520 et
888 2460 972 2521 iocos
992 2462 1181 2539 provocavit.
1198 2477 1229 2524 aa

177 2566 358 2627 Curatorem
381 2582 543 2624 munerum
565 2582 602 2624 ac
621 2565 835 2641 venationum,
851 2584 907 2645 per
928 2566 1093 2627 continuos
1114 2567 1183 2628 dies

176 2672 210 2730 in
233 2675 401 2749 conspectu
426 2689 484 2730 suo
505 2669 624 2729 catenis
646 2670 854 2746 verberatum,
875 2689 939 2731 non
959 2671 1047 2749 prins
1068 2672 1183 2733 occidit

176 2795 270 2855 quam
279 2776 417 2836 offensus
429 2773 600 2852 putrefacti
610 2774 728 2835 cerebri
740 2775 843 2853 odore.
880 2776 1047 2837 Atellanae
1058 2784 1182 2855 poetam

176 2883 215 2942 ob
235 2880 376 2956 ambigui
398 2879 458 2940 ioci
479 2878 669 2939 versiculum
690 2880 795 2940 media
817 2880 1042 2959 amphitheatri
1066 2881 1184 2943 harena

176 2987 242 3063 igni
256 2985 417 3047 cremavit.
460 2984 608 3063 Equitem
629 2986 807 3047 Romanum
828 2986 985 3047 obiectum
1007 2987 1093 3063 feris,
1111 3006 1182 3048 cum
1198 3004 1228 3050 aa

128 3098 164 3150 28
177 3111 209 3153 se
232 3093 431 3152 innocentem
456 3090 689 3169 proclamasset,
711 3090 848 3168 reduxit,
870 3091 1053 3170 abscisaque
1075 3092 1184 3169 lingua

177 3217 284 3259 rursus
309 3196 444 3256 induxit.
498 3197 691 3257 Revocatum
718 3198 876 3276 quendam
899 3217 919 3258 a
940 3205 1046 3258 vetere
1070 3198 1183 3258 exsilio

176 3303 366 3379 sciscitatus,
378 3302 529 3380 quidnam
544 3302 588 3363 ibi
603 3302 706 3362 facere
721 3308 911 3380 consuesset,
923 3303 1132 3383 respondente
1146 3322 1183 3364 eo

174 3429 229 3488 per
243 3408 476 3471 adulationem:
499 3409 580 3468 Deos
588 3428 705 3485 semper
718 3413 807 3469 croci
814 3418 855 3486 at,
865 3412 946 3486 qaod
959 3412 1064 3484 evenit,
1069 3412 1183 3485 periret

152 3555 157 3565 ·
177 3518 325 3590 libertae
336 3522 365 3573 et
378 3522 413 3573 tu
423 3516 595 3590 imperares,
607 3512 740 3591 opinans
756 3513 817 3576 sibi
831 3533 955 3594 quoque
969 3515 1095 3576 exsules
1110 3533 1182 3575 suos
1197 3529 1227 3575 ao

172 3627 305 3681 mortem
333 3618 510 3696 imprecari,
532 3618 621 3678 misit
645 3618 762 3678 circum
785 3618 916 3695 insulas,
941 3619 996 3697 qui
1019 3620 1181 3681 universos

171 3723 437 3786 contrucidarent
491 3722 569 3784 Cum
602 3721 739 3801 discerpi
772 3728 947 3785 senatorem
975 3724 1181 3805 concupisset,
