2984 4359
407 288 519 339 mmm
543 287 577 337 v.
631 285 744 337 nrvus
766 284 961 337 cernulus.
1147 273 1189 338 89

175 462 302 523 toribus
324 466 410 522 certa
430 460 518 521 lucra
539 459 711 538 proposuit,
734 464 881 537 suscepto
901 458 935 517 in
957 477 990 519 se
1015 458 1138 533 damno,
1161 458 1189 519 si

176 567 228 626 cui
243 568 325 645 quid
344 586 400 646 per
417 571 621 644 tempestates
639 564 816 640 accidisset,
831 570 863 624 et
881 582 978 624 naves
997 571 1188 624 mercaturae

177 692 276 733 causa
294 671 525 733 fabricantibus
544 689 659 748 magna
677 669 841 730 commoda
863 668 1029 729 coustituit
1044 688 1101 747 pro
1121 687 1190 729 cou-

129 792 164 842 19
178 765 306 839 dicione
319 777 471 855 cuiusque
479 799 487 852 ;
510 775 572 837 civi
583 775 781 836 vacationem
791 774 871 851 legis
882 773 1000 853 Papiae
1014 775 1188 853 Poppaeae,

178 883 298 943 Latino
318 883 368 943 ius
390 882 571 957 Quiritium,
598 880 726 942 feminis
748 881 798 942 ius
826 886 976 958 quattuor
1003 878 1219 954 liberorum315

179 1008 262 1066 quae
283 987 458 1049 constituta
478 986 632 1064 hodieque
653 991 827 1046 servantur.

129 1105 166 1156 20
221 1095 328 1172 Opera
347 1112 460 1170 magua
473 1090 675 1171 potiusquam
695 1089 872 1151 necessaria
885 1096 918 1151 et
930 1088 1033 1151 multa
1046 1089 1189 1168 perfecit,

181 1199 310 1260 sedvel
331 1198 515 1277 praecipua:
538 1198 667 1257 ductum
690 1215 842 1275 aquarum
861 1215 881 1257 a
899 1195 980 1256 Gaio
998 1194 1189 1268 incohatum,

181 1304 259 1365 item
274 1302 472 1365 emissarium
486 1302 598 1362 Fucini
609 1301 697 1363 lacus
709 1307 898 1380 portumque
909 1301 964 1363 Os·
988 1366 1076 1414 Pubuc
1085 1368 1170 1414 m

181 1411 326 1485 tiensem,
341 1427 530 1488 quamquam
550 1407 643 1469 sciret
660 1425 700 1467 ex
714 1407 755 1468 iis
775 1406 909 1467 alterum
924 1407 964 1467 ab
1207 1421 1236 1466 10

182 1518 329 1594 Augusto
348 1514 547 1594 precantibus
563 1512 688 1574 assidue
708 1513 825 1574 Marsis
844 1520 1002 1591 negatum,
1017 1515 1150 1576 alterum
1172 1534 1192 1575 a

183 1622 268 1682 Divo
288 1620 373 1681 Iulio
398 1618 522 1698 saepius
546 1618 738 1680 destinatum
765 1637 801 1678 ao
823 1624 950 1698 propter
973 1619 1190 1682 difficultatem

184 1728 343 1787 omissum.
385 1723 535 1787 Claudiae
551 1743 650 1802 aquae
669 1724 790 1801 gelidos
809 1730 841 1784 et
858 1725 969 1786 uberes
987 1726 1101 1804 fontes,
1119 1747 1192 1806 quo

185 1853 253 1893 rum
267 1832 361 1893 alteri
370 1832 529 1908 Caeruleo,
541 1830 634 1892 alteri
644 1832 754 1892 Curtio
765 1840 797 1891 et
805 1831 988 1908 Albudigno
1003 1852 1116 1893 nomen
1131 1840 1189 1910 est,

186 1937 342 2017 simulque
368 1938 472 1997 rivum
498 1936 633 1997 Anienis
660 1937 734 1997 uovi
763 1936 888 2015 lapideo
906 1957 999 2016 opere
1024 1939 1058 1998 in
1082 1940 1190 2000 urbem
1208 1950 1236 1995 ln
1317 1926 1318 1929 ¹

186 2043 342 2122 perduxit,
364 2042 536 2121 divisitque
560 2043 593 2101 in
619 2042 770 2122 plurimos
796 2049 828 2102 et
854 2044 1069 2106 ornatissimos
1094 2045 1190 2105 lacus.

187 2151 340 2211 Fucinum
360 2151 526 2226 adgressus
544 2155 680 2226 estnon
703 2150 808 2211 minus
827 2151 1005 2228 compendii
1024 2170 1079 2229 spe
1097 2170 1191 2228 quam

186 2255 311 2333 gloriae,
327 2275 398 2316 cum
416 2255 548 2333 quidam·
565 2255 691 2335 privato
712 2262 841 2333 sumptu
859 2256 1028 2318 emissuros
1042 2276 1075 2318 se
1089 2276 1192 2335 repro

186 2361 358 2439 mitterent,
384 2361 412 2422 si
439 2361 499 2422 sibi
525 2361 634 2422 siccati
658 2361 725 2437 agri
751 2362 1000 2423 concederentur.
1043 2364 1104 2422 Per
1127 2362 1191 2423 tria

186 2473 291 2527 autem
316 2485 466 2543 passuum
486 2465 577 2526 milia
601 2466 716 2545 partim
737 2466 852 2528 effosso
876 2474 982 2528 monte
1004 2468 1120 2546 partim
1142 2488 1191 2528 ex·
1206 2478 1235 2523 ao

186 2572 258 2648 ciso,
271 2571 412 2632 canalem
427 2571 563 2633 absolvit
577 2590 667 2648 aegre
679 2565 793 2650 etpost
806 2573 952 2633 undecim
967 2592 1074 2648 annos,
1086 2592 1191 2651 quam-

185 2678 234 2737 vis
253 2677 413 2738 continuis
431 2677 527 2737 XXX
546 2677 707 2738 hominurn
729 2677 856 2738 milibus
876 2678 943 2740 sine
957 2679 1190 2739 intermissione

185 2783 395 2862 operantibus.
438 2784 569 2843 Portum
586 2782 693 2844 Ostiae
710 2783 877 2859 exstruxit,
891 2784 1104 2845 circumducto
1119 2784 1190 2843 dex-

184 2894 235 2949 tra
249 2888 440 2966 sinistraque
451 2887 578 2948 brachio
593 2894 625 2948 et
639 2889 679 2948 ad
692 2888 859 2949 introitum
873 2890 1030 2968 profundo
1044 2889 1108 2949 iam
1123 2889 1189 2949 salo

185 2994 266 3054 mole
285 2993 423 3069 obiecta3
445 3013 540 3071 quam
559 3013 621 3072 quo
640 2983 785 3056 stabilius
805 2995 961 3069 fundaret,
981 3014 1094 3055 navem
1116 3001 1189 3055 ante
1205 3006 1234 3051 nn

185 3098 344 3174 demersit,
359 3118 423 3177 qua
436 3118 567 3176 magnus
581 3098 736 3160 obeliscus
751 3119 790 3160 ex
804 3100 951 3179 Aegypto
965 3100 1069 3160 fuerat
1083 3101 1189 3170 adreo

184 3210 245 3281 tus,
261 3204 481 3283 congestisque
500 3204 575 3283 pilis
594 3205 794 3284 superposuit
812 3205 1000 3266 altissimam
1018 3210 1137 3265 turrem
1155 3205 1190 3264 in

185 3310 364 3388 exemplum
383 3309 591 3371 Alexandrini
606 3310 712 3386 Phari,
727 3317 764 3370 ut
783 3312 823 3371 ad
837 3316 1004 3371 nocturnos
1019 3310 1107 3386 ignes
1125 3329 1190 3371 cur-

50 3477 52 3484 ,
185 3435 254 3476 sum
267 3415 398 3492 navigia
411 3413 591 3492 dirigerent.

137 3520 170 3572 21
224 3519 394 3598 Congiaria
402 3518 518 3599 populo
527 3520 652 3599 saepius
663 3520 834 3583 distribuit.
871 3520 1056 3600 Spectacula
1066 3540 1189 3599 quoque
1205 3528 1233 3573 ³⁰

184 3625 347 3705 complura
365 3630 397 3685 et
411 3625 578 3701 magnifica
594 3626 703 3702 edidit,
717 3646 781 3687 nou
795 3626 915 3687 usitata
930 3627 1022 3687 modo
1037 3646 1072 3686 ac
1087 3625 1189 3687 solitis

183 3730 270 3808 locis,
293 3731 349 3791 sed
372 3735 406 3790 et
428 3730 646 3791 commenticia
667 3736 698 3791 et
719 3750 758 3791 ex
780 3731 970 3810 antiquitate
991 3730 1135 3809 repetita,
1156 3736 1190 3790 et
