2984 4359
402 305 514 356 trena
538 306 572 358 v.
623 306 736 358 orvos
761 306 954 358 ennomus.
1119 288 1183 354 105
1267 295 1270 300 “

167 482 325 554 ratusque
343 484 393 537 est
410 476 557 537 sollemni
573 478 753 556 principum
775 497 889 557 pompa
910 484 942 537 et
963 476 995 536 in
1017 456 1183 535 numerum

76 626 79 633 ,
166 582 304 640 deorum
329 581 465 642 relatus:
494 601 587 659 quem
616 583 764 643 honorem
794 602 813 642 a
840 583 965 641 Nerone
993 580 1183 642 destitutum

166 686 390 764 abolitumque
410 687 528 765 recepit
548 707 620 747 mox
642 706 697 765 per
718 687 954 765 Vespasianum.

113 800 152 851 46
166 792 345 869 Praesagia
372 791 482 853 mortis
513 792 579 853 eius
612 793 783 871 praecipua
811 793 955 852 fuerunt:
983 764 1160 901 mam

165 903 302 958 exortus
323 898 456 957 crinitae
468 897 597 973 stellae,
616 897 727 977 [quam
747 905 890 958 cometen
908 918 958 959 vo
1198 913 1214 958 s

165 1005 272 1086 cant]
289 1008 472 1080 tactumque
486 1003 526 1063 de
541 1002 627 1064 caelo
648 1010 886 1064 monumentum
909 1002 1005 1065 Drusi
1026 1001 1136 1081 patris,
1151 1006 1183 1061 et

165 1109 257 1185 quod
271 1107 382 1167 eodem
397 1127 478 1167 anno
492 1126 531 1167 ex
545 1109 684 1168 omniurn
701 1109 944 1185 magistratuum
962 1126 1073 1185 genere
1093 1105 1184 1185 pleri·

165 1232 231 1290 que
258 1219 393 1273 mortem
418 1213 568 1273 obierant.
612 1214 674 1275 Sed
698 1234 754 1274 neo
778 1213 845 1291 ipse
868 1213 1027 1290 ignorasse
1048 1217 1103 1273 aut
1123 1211 1185 1273 dis·

167 1318 341 1378 simulasse
369 1317 482 1378 ultima
510 1319 594 1379 vitae
623 1338 697 1380 suae
729 1325 872 1397 tempora
899 1319 1034 1393 videtur,
1063 1317 1184 1394 aliquot

167 1423 304 1500 quidem
329 1423 531 1499 argumentis.
573 1425 658 1485 Nam
682 1430 715 1485 et
737 1444 808 1484 cum
830 1424 973 1484 consules
995 1422 1182 1499 designaret,
1201 1435 1229 1481 10

167 1529 334 1588 neminem
346 1528 431 1589 oltra
444 1548 584 1590 mensem
598 1550 661 1608 quo
674 1530 754 1590 obiit
768 1530 956 1605 designavit,
969 1534 1001 1589 et
1015 1528 1047 1588 in
1063 1532 1182 1601 senatu,

167 1634 221 1694 cui
247 1634 423 1695 novissime
442 1634 604 1710 interfuit,
629 1636 765 1696 multum
788 1636 828 1695 ad
851 1634 1047 1695 concordiam
1068 1633 1183 1693 liberos

168 1759 245 1800 suos
267 1740 461 1816 cohortatus,
482 1740 649 1818 utriusque
670 1747 806 1800 aetatem
831 1739 1016 1818 suppliciter
1041 1738 1183 1816 patribus

168 1845 417 1921 commendavit,
432 1851 465 1905 et
478 1846 513 1904 in
526 1845 640 1905 ultima
654 1845 830 1921 cognitione
846 1864 903 1923 pro
919 1843 1070 1905 tribunali
1092 1862 1185 1904 ceces-

168 1954 245 2010 eisne
259 1953 408 2027 adfinem
428 1953 630 2025 mortalitatis,
646 1969 836 2028 quamquam
853 1948 1107 2010 abominantibus
1128 1947 1184 2026 qui
1201 1964 1229 2010 15

168 2054 353 2132 audiebant,
369 2053 469 2115 semel
483 2060 577 2133 atque
591 2054 707 2115 iterum
721 2054 947 2133 pronuntiavit.
