<?xml version="1.0" encoding="UTF-8"?>
<!DOCTYPE html PUBLIC "-//W3C//DTD XHTML 1.0 Transitional//EN"
    "http://www.w3.org/TR/xhtml1/DTD/xhtml1-transitional.dtd">
<html xmlns="http://www.w3.org/1999/xhtml" xml:lang="en" lang="en">
 <head>
  <title>
</title>
<meta http-equiv="Content-Type" content="text/html;charset=utf-8" />
  <meta name='ocr-system' content='tesseract 3.04.00' />
  <meta name='ocr-capabilities' content='ocr_page ocr_carea ocr_par ocr_line ocrx_word'/>
</head>
<body>
  <div class='ocr_page' id='page_1' title='image "./gaisuetonitranq00unkngoog_0098.png"; bbox 0 0 2984 4359; ppageno 0'>
   <div class='ocr_carea' id='block_1_1' title="bbox 304 282 1257 355">
    <p class='ocr_par' dir='ltr' id='par_1_1' title="bbox 304 282 1257 355">
     <span class='ocr_line' id='line_1_1' title="bbox 304 282 1257 355; baseline 0 -10"><span class='ocrx_word' id='word_1_1' title='bbox 304 282 346 345; x_wconf 88' lang='grc'>66</span> <span class='ocrx_word' id='word_1_2' title='bbox 380 292 409 343; x_wconf 81' lang='lat' dir='ltr'>a.</span> <span class='ocrx_word' id='word_1_3' title='bbox 438 291 594 343; x_wconf 82' lang='lat' dir='ltr'>suarem</span> <span class='ocrx_word' id='word_1_4' title='bbox 615 291 849 355; x_wconf 73' lang='lat' dir='ltr'>ramosum</span> <span class='ocrx_word' id='word_1_5' title='bbox 868 293 917 343; x_wconf 84' lang='lat' dir='ltr'>nn</span> <span class='ocrx_word' id='word_1_6' title='bbox 938 293 1029 344; x_wconf 76' lang='lat' dir='ltr'>vrrs</span> <span class='ocrx_word' id='word_1_7' title='bbox 1054 294 1257 345; x_wconf 75' lang='lat' dir='ltr'>causacum</span> 
     </span>
    </p>
   </div>
   <div class='ocr_carea' id='block_1_2' title="bbox 256 462 1359 3798">
    <p class='ocr_par' dir='ltr' id='par_1_2' title="bbox 303 455 1475 647">
     <span class='ocr_line' id='line_1_2' title="bbox 304 462 1307 544; baseline 0.003 -21"><span class='ocrx_word' id='word_1_8' title='bbox 304 463 485 540; x_wconf 84' lang='lat' dir='ltr'>magnificas</span> <span class='ocrx_word' id='word_1_9' title='bbox 500 464 633 524; x_wconf 84' lang='lat' dir='ltr'><strong>Romam</strong></span> <span class='ocrx_word' id='word_1_10' title='bbox 652 462 776 524; x_wconf 89' lang='lat' dir='ltr'>litteras</span> <span class='ocrx_word' id='word_1_11' title='bbox 791 463 888 539; x_wconf 85' lang='lat' dir='ltr'><strong>misit,</strong></span> <span class='ocrx_word' id='word_1_12' title='bbox 903 465 1033 525; x_wconf 90' lang='lat' dir='ltr'>monitis</span> <span class='ocrx_word' id='word_1_13' title='bbox 1050 465 1307 544; x_wconf 78' lang='lat' dir='ltr'>speculatoribus,</span> 
     </span>
     <span class='ocr_line' id='line_1_3' title="bbox 303 568 1309 647; baseline 0.002 -18"><span class='ocrx_word' id='word_1_14' title='bbox 303 575 339 629; x_wconf 89' lang='lat' dir='ltr'>ut</span> <span class='ocrx_word' id='word_1_15' title='bbox 359 568 504 628; x_wconf 87' lang='lat' dir='ltr'>vehiculo</span> <span class='ocrx_word' id='word_1_16' title='bbox 521 569 560 627; x_wconf 87' lang='lat' dir='ltr'>ad</span> <span class='ocrx_word' id='word_1_17' title='bbox 579 569 680 627; x_wconf 83' lang='lat' dir='ltr'>iorum</span> <span class='ocrx_word' id='word_1_18' title='bbox 702 586 801 645; x_wconf 92' lang='lat' dir='ltr'>usque</span> <span class='ocrx_word' id='word_1_19' title='bbox 820 574 853 627; x_wconf 92' lang='lat' dir='ltr'>et</span> <span class='ocrx_word' id='word_1_20' title='bbox 866 569 983 629; x_wconf 88' lang='lat' dir='ltr'>curiam</span> <span class='ocrx_word' id='word_1_21' title='bbox 1007 571 1238 647; x_wconf 89' lang='lat' dir='ltr'>pertenderent,</span> <span class='ocrx_word' id='word_1_22' title='bbox 1253 590 1309 631; x_wconf 91' lang='lat' dir='ltr'>nec</span> 
     </span>
    </p>

    <p class='ocr_par' dir='ltr' id='par_1_3' title="bbox 303 673 1309 751">
     <span class='ocr_line' id='line_1_4' title="bbox 303 673 1309 751; baseline 0.004 -19"><span class='ocrx_word' id='word_1_23' title='bbox 303 674 365 733; x_wconf 90' lang='lat' dir='ltr'>nisi</span> <span class='ocrx_word' id='word_1_24' title='bbox 387 673 421 732; x_wconf 93' lang='lat' dir='ltr'>in</span> <span class='ocrx_word' id='word_1_25' title='bbox 439 673 515 733; x_wconf 87' lang='lat' dir='ltr'>aede</span> <span class='ocrx_word' id='word_1_26' title='bbox 537 673 650 733; x_wconf 85' lang='lat' dir='ltr'>Martis</span> <span class='ocrx_word' id='word_1_27' title='bbox 670 692 706 732; x_wconf 89' lang='lat' dir='ltr'>ac</span> <span class='ocrx_word' id='word_1_28' title='bbox 727 674 894 751; x_wconf 80' lang='lat' dir='ltr'>frequente</span> <span class='ocrx_word' id='word_1_29' title='bbox 915 679 1028 734; x_wconf 89' lang='lat' dir='ltr'>senatu</span> <span class='ocrx_word' id='word_1_30' title='bbox 1046 676 1228 737; x_wconf 90' lang='lat' dir='ltr'>consulibus</span> <span class='ocrx_word' id='word_1_31' title='bbox 1250 683 1309 737; x_wconf 78' lang='lat' dir='ltr'>tra</span> 
     </span>
    </p>

    <p class='ocr_par' dir='ltr' id='par_1_4' title="bbox 303 780 421 839">
     <span class='ocr_line' id='line_1_5' title="bbox 303 780 421 839; baseline -0.008 0"><span class='ocrx_word' id='word_1_32' title='bbox 303 780 421 839; x_wconf 82' lang='lat' dir='ltr'>dorent.</span> 
     </span>
    </p>

    <p class='ocr_par' dir='ltr' id='par_1_5' title="bbox 271 884 1353 1386">
     <span class='ocr_line' id='line_1_6' title="bbox 271 884 1353 963; baseline 0 -21"><span class='ocrx_word' id='word_1_33' title='bbox 271 897 286 942; x_wconf 81' lang='lat'>5</span> <span class='ocrx_word' id='word_1_34' title='bbox 343 886 428 960; x_wconf 82' lang='lat' dir='ltr'>Mox,</span> <span class='ocrx_word' id='word_1_35' title='bbox 442 884 607 944; x_wconf 87' lang='lat' dir='ltr'>deficiente</span> <span class='ocrx_word' id='word_1_36' title='bbox 628 884 704 944; x_wconf 88' lang='lat' dir='ltr'>belli</span> <span class='ocrx_word' id='word_1_37' title='bbox 725 885 866 960; x_wconf 86' lang='lat' dir='ltr'>materia,</span> <span class='ocrx_word' id='word_1_38' title='bbox 884 903 999 963; x_wconf 89' lang='lat' dir='ltr'>paucos</span> <span class='ocrx_word' id='word_1_39' title='bbox 1016 886 1055 946; x_wconf 93' lang='lat' dir='ltr'>de</span> <span class='ocrx_word' id='word_1_40' title='bbox 1072 888 1216 947; x_wconf 86' lang='lat' dir='ltr'>custodia</span> <span class='ocrx_word' id='word_1_41' title='bbox 1235 889 1308 949; x_wconf 86' lang='lat' dir='ltr'>Ger·</span> <span class='ocrx_word' id='word_1_42' title='bbox 1320 892 1353 942; x_wconf 80' lang='lat'>45</span> 
     </span>
     <span class='ocr_line' id='line_1_7' title="bbox 303 989 1308 1070; baseline 0.002 -20"><span class='ocrx_word' id='word_1_43' title='bbox 303 1009 411 1050; x_wconf 89' lang='lat' dir='ltr'>manos</span> <span class='ocrx_word' id='word_1_44' title='bbox 425 989 516 1049; x_wconf 91' lang='lat' dir='ltr'>traici</span> <span class='ocrx_word' id='word_1_45' title='bbox 536 989 698 1066; x_wconf 83' lang='lat' dir='ltr'>occulique</span> <span class='ocrx_word' id='word_1_46' title='bbox 715 995 804 1049; x_wconf 85' lang='lat' dir='ltr'>trans</span> <span class='ocrx_word' id='word_1_47' title='bbox 820 989 967 1049; x_wconf 85' lang='lat' dir='ltr'>Rhenum</span> <span class='ocrx_word' id='word_1_48' title='bbox 985 990 1090 1066; x_wconf 88' lang='lat' dir='ltr'>iussit,</span> <span class='ocrx_word' id='word_1_49' title='bbox 1105 1011 1142 1051; x_wconf 87' lang='lat' dir='ltr'>ac</span> <span class='ocrx_word' id='word_1_50' title='bbox 1156 993 1217 1054; x_wconf 85' lang='lat' dir='ltr'>sibi</span> <span class='ocrx_word' id='word_1_51' title='bbox 1237 999 1308 1070; x_wconf 91' lang='lat' dir='ltr'>post</span> 
     </span>
     <span class='ocr_line' id='line_1_8' title="bbox 303 1093 1305 1173; baseline 0.003 -19"><span class='ocrx_word' id='word_1_52' title='bbox 303 1096 467 1173; x_wconf 89' lang='lat' dir='ltr'>prandium</span> <span class='ocrx_word' id='word_1_53' title='bbox 483 1113 575 1171; x_wconf 89' lang='lat' dir='ltr'>quam</span> <span class='ocrx_word' id='word_1_54' title='bbox 592 1093 876 1157; x_wconf 79' lang='lat' dir='ltr'>tumultuosissime</span> <span class='ocrx_word' id='word_1_55' title='bbox 891 1096 1000 1156; x_wconf 86' lang='lat' dir='ltr'>adesse</span> <span class='ocrx_word' id='word_1_56' title='bbox 1020 1096 1144 1156; x_wconf 86' lang='lat' dir='ltr'>hostem</span> <span class='ocrx_word' id='word_1_57' title='bbox 1158 1098 1305 1159; x_wconf 87' lang='lat' dir='ltr'>nuntiari.</span> 
     </span>
     <span class='ocr_line' id='line_1_9' title="bbox 302 1200 1306 1281; baseline 0.003 -21"><span class='ocrx_word' id='word_1_58' title='bbox 302 1202 369 1271; x_wconf 83' lang='lat' dir='ltr'>Quo</span> <span class='ocrx_word' id='word_1_59' title='bbox 397 1202 490 1274; x_wconf 83' lang='lat' dir='ltr'>iacto,</span> <span class='ocrx_word' id='word_1_60' title='bbox 519 1200 675 1278; x_wconf 87' lang='lat' dir='ltr'>proripuit</span> <span class='ocrx_word' id='word_1_61' title='bbox 699 1219 733 1259; x_wconf 91' lang='lat' dir='ltr'>se</span> <span class='ocrx_word' id='word_1_62' title='bbox 760 1220 831 1260; x_wconf 92' lang='lat' dir='ltr'>cum</span> <span class='ocrx_word' id='word_1_63' title='bbox 858 1200 968 1261; x_wconf 84' lang='lat' dir='ltr'>amicis</span> <span class='ocrx_word' id='word_1_64' title='bbox 993 1208 1025 1261; x_wconf 93' lang='lat' dir='ltr'>et</span> <span class='ocrx_word' id='word_1_65' title='bbox 1053 1209 1143 1281; x_wconf 85' lang='lat' dir='ltr'>parte</span> <span class='ocrx_word' id='word_1_66' title='bbox 1168 1204 1306 1281; x_wconf 88' lang='lat' dir='ltr'>equitum</span> 
     </span>
     <span class='ocr_line' id='line_1_10' title="bbox 302 1305 1309 1386; baseline 0.002 -20"><span class='ocrx_word' id='word_1_67' title='bbox 302 1307 569 1385; x_wconf 84' lang='lat' dir='ltr'>praetorianorum</span> <span class='ocrx_word' id='word_1_68' title='bbox 585 1306 618 1364; x_wconf 91' lang='lat' dir='ltr'>in</span> <span class='ocrx_word' id='word_1_69' title='bbox 633 1306 808 1383; x_wconf 85' lang='lat' dir='ltr'>proximam</span> <span class='ocrx_word' id='word_1_70' title='bbox 824 1305 947 1381; x_wconf 82' lang='lat' dir='ltr'>silvam,</span> <span class='ocrx_word' id='word_1_71' title='bbox 963 1308 1181 1386; x_wconf 78' lang='lat' dir='ltr'>truncatisque</span> <span class='ocrx_word' id='word_1_72' title='bbox 1196 1309 1309 1369; x_wconf 89' lang='lat' dir='ltr'>arbori·</span> 
     </span>
    </p>

    <p class='ocr_par' dir='ltr' id='par_1_6' title="bbox 258 1411 1309 1910">
     <span class='ocr_line' id='line_1_11' title="bbox 258 1411 1309 1489; baseline 0.009 -22"><span class='ocrx_word' id='word_1_73' title='bbox 258 1423 286 1467; x_wconf 85' lang='lat'>10</span> <span class='ocrx_word' id='word_1_74' title='bbox 301 1412 360 1472; x_wconf 89' lang='lat' dir='ltr'>bus</span> <span class='ocrx_word' id='word_1_75' title='bbox 375 1412 454 1471; x_wconf 91' lang='lat' dir='ltr'>etin</span> <span class='ocrx_word' id='word_1_76' title='bbox 468 1411 595 1470; x_wconf 90' lang='lat' dir='ltr'>modum</span> <span class='ocrx_word' id='word_1_77' title='bbox 613 1418 811 1489; x_wconf 83' lang='lat' dir='ltr'>tropaeorum</span> <span class='ocrx_word' id='word_1_78' title='bbox 829 1412 1000 1488; x_wconf 85' lang='lat' dir='ltr'>adornatis,</span> <span class='ocrx_word' id='word_1_79' title='bbox 1016 1415 1056 1472; x_wconf 88' lang='lat' dir='ltr'>ad</span> <span class='ocrx_word' id='word_1_80' title='bbox 1075 1412 1198 1474; x_wconf 93' lang='lat' dir='ltr'>lumina</span> <span class='ocrx_word' id='word_1_81' title='bbox 1210 1433 1309 1476; x_wconf 84' lang='lat' dir='ltr'>rever·</span> 
     </span>
     <span class='ocr_line' id='line_1_12' title="bbox 302 1517 1309 1593; baseline 0.004 -16"><span class='ocrx_word' id='word_1_82' title='bbox 302 1536 364 1592; x_wconf 86' lang='lat' dir='ltr'>sus,</span> <span class='ocrx_word' id='word_1_83' title='bbox 379 1536 486 1576; x_wconf 88' lang='lat' dir='ltr'>eorum</span> <span class='ocrx_word' id='word_1_84' title='bbox 500 1517 628 1593; x_wconf 88' lang='lat' dir='ltr'>quidem</span> <span class='ocrx_word' id='word_1_85' title='bbox 649 1517 704 1593; x_wconf 92' lang='lat' dir='ltr'>qui</span> <span class='ocrx_word' id='word_1_86' title='bbox 726 1517 826 1577; x_wconf 91' lang='lat' dir='ltr'>secuti</span> <span class='ocrx_word' id='word_1_87' title='bbox 848 1536 910 1576; x_wconf 94' lang='lat' dir='ltr'>non</span> <span class='ocrx_word' id='word_1_88' title='bbox 931 1524 1037 1578; x_wconf 90' lang='lat' dir='ltr'>essent</span> <span class='ocrx_word' id='word_1_89' title='bbox 1058 1518 1264 1580; x_wconf 84' lang='lat' dir='ltr'>timiditatem</span> <span class='ocrx_word' id='word_1_90' title='bbox 1278 1527 1309 1580; x_wconf 91' lang='lat' dir='ltr'>et</span> 
     </span>
     <span class='ocr_line' id='line_1_13' title="bbox 302 1621 1308 1701; baseline 0.003 -19"><span class='ocrx_word' id='word_1_91' title='bbox 302 1622 459 1699; x_wconf 86' lang='lat' dir='ltr'>ignaviam</span> <span class='ocrx_word' id='word_1_92' title='bbox 478 1621 637 1699; x_wconf 87' lang='lat' dir='ltr'>corripuit,</span> <span class='ocrx_word' id='word_1_93' title='bbox 653 1622 783 1681; x_wconf 86' lang='lat' dir='ltr'>comites</span> <span class='ocrx_word' id='word_1_94' title='bbox 803 1627 908 1682; x_wconf 90' lang='lat' dir='ltr'>autem</span> <span class='ocrx_word' id='word_1_95' title='bbox 923 1629 955 1682; x_wconf 91' lang='lat' dir='ltr'>et</span> <span class='ocrx_word' id='word_1_96' title='bbox 969 1623 1141 1701; x_wconf 88' lang='lat' dir='ltr'>participes</span> <span class='ocrx_word' id='word_1_97' title='bbox 1160 1624 1308 1685; x_wconf 87' lang='lat' dir='ltr'>victoriae</span> 
     </span>
     <span class='ocr_line' id='line_1_14' title="bbox 301 1726 1309 1805; baseline 0.003 -19"><span class='ocrx_word' id='word_1_98' title='bbox 301 1747 383 1786; x_wconf 91' lang='lat' dir='ltr'>novo</span> <span class='ocrx_word' id='word_1_99' title='bbox 407 1745 519 1803; x_wconf 85' lang='lat' dir='ltr'>genere</span> <span class='ocrx_word' id='word_1_100' title='bbox 546 1745 583 1786; x_wconf 91' lang='lat' dir='ltr'>ac</span> <span class='ocrx_word' id='word_1_101' title='bbox 610 1726 735 1785; x_wconf 89' lang='lat' dir='ltr'>nomine</span> <span class='ocrx_word' id='word_1_102' title='bbox 764 1746 947 1786; x_wconf 89' lang='lat' dir='ltr'>coronarum</span> <span class='ocrx_word' id='word_1_103' title='bbox 975 1727 1116 1803; x_wconf 87' lang='lat' dir='ltr'>donavit,</span> <span class='ocrx_word' id='word_1_104' title='bbox 1142 1747 1222 1805; x_wconf 90' lang='lat' dir='ltr'>quas</span> <span class='ocrx_word' id='word_1_105' title='bbox 1250 1730 1309 1790; x_wconf 80' lang='lat' dir='ltr'>dis</span> 
     </span>
     <span class='ocr_line' id='line_1_15' title="bbox 302 1831 1309 1910; baseline 0.003 -19"><span class='ocrx_word' id='word_1_106' title='bbox 302 1834 417 1893; x_wconf 83' lang='lat' dir='ltr'>tinctas</span> <span class='ocrx_word' id='word_1_107' title='bbox 443 1831 518 1892; x_wconf 88' lang='lat' dir='ltr'>solis</span> <span class='ocrx_word' id='word_1_108' title='bbox 543 1850 578 1891; x_wconf 91' lang='lat' dir='ltr'>ac</span> <span class='ocrx_word' id='word_1_109' title='bbox 603 1831 695 1891; x_wconf 88' lang='lat' dir='ltr'>lunae</span> <span class='ocrx_word' id='word_1_110' title='bbox 721 1831 921 1909; x_wconf 89' lang='lat' dir='ltr'>siderumque</span> <span class='ocrx_word' id='word_1_111' title='bbox 950 1832 1053 1909; x_wconf 90' lang='lat' dir='ltr'>specie</span> <span class='ocrx_word' id='word_1_112' title='bbox 1082 1832 1309 1910; x_wconf 84' lang='lat' dir='ltr'>exploratorias</span> 
     </span>
    </p>

    <p class='ocr_par' dir='ltr' id='par_1_7' title="bbox 258 1936 1310 2435">
     <span class='ocr_line' id='line_1_16' title="bbox 258 1936 1309 2016; baseline 0.005 -23"><span class='ocrx_word' id='word_1_113' title='bbox 258 1950 286 1994; x_wconf 79' lang='lat'>15</span> <span class='ocrx_word' id='word_1_114' title='bbox 302 1937 482 2016; x_wconf 80' lang='lat' dir='ltr'>appellavit.</span> <span class='ocrx_word' id='word_1_115' title='bbox 519 1937 643 1996; x_wconf 85' lang='lat' dir='ltr'>Rursus</span> <span class='ocrx_word' id='word_1_116' title='bbox 655 1936 781 1996; x_wconf 91' lang='lat' dir='ltr'>obsides</span> <span class='ocrx_word' id='word_1_117' title='bbox 792 1936 944 2013; x_wconf 92' lang='lat' dir='ltr'>quosdam</span> <span class='ocrx_word' id='word_1_118' title='bbox 956 1937 1106 1997; x_wconf 89' lang='lat' dir='ltr'>abductos</span> <span class='ocrx_word' id='word_1_119' title='bbox 1121 1955 1138 1996; x_wconf 90' lang='lat' dir='ltr'>e</span> <span class='ocrx_word' id='word_1_120' title='bbox 1154 1937 1309 1998; x_wconf 88' lang='lat' dir='ltr'>litterario</span> 
     </span>
     <span class='ocr_line' id='line_1_17' title="bbox 301 2031 1308 2119; baseline 0.001 -17"><span class='ocrx_word' id='word_1_121' title='bbox 301 2042 376 2102; x_wconf 93' lang='lat' dir='ltr'>ludo</span> <span class='ocrx_word' id='word_1_122' title='bbox 396 2043 538 2119; x_wconf 87' lang='lat' dir='ltr'>clamque</span> <span class='ocrx_word' id='word_1_123' title='bbox 556 2041 755 2119; x_wconf 86' lang='lat' dir='ltr'>praemissos,</span> <span class='ocrx_word' id='word_1_124' title='bbox 774 2041 898 2100; x_wconf 89' lang='lat' dir='ltr'>deserto</span> <span class='ocrx_word' id='word_1_125' title='bbox 918 2031 1047 2119; x_wconf 88' lang='lat' dir='ltr'>repente</span> <span class='ocrx_word' id='word_1_126' title='bbox 1068 2043 1224 2118; x_wconf 85' lang='lat' dir='ltr'>convivio,</span> <span class='ocrx_word' id='word_1_127' title='bbox 1239 2062 1308 2103; x_wconf 91' lang='lat' dir='ltr'>cum</span> 
     </span>
     <span class='ocr_line' id='line_1_18' title="bbox 302 2145 1310 2225; baseline 0 -17"><span class='ocrx_word' id='word_1_128' title='bbox 302 2148 446 2225; x_wconf 86' lang='lat' dir='ltr'>equitatu</span> <span class='ocrx_word' id='word_1_129' title='bbox 473 2147 632 2207; x_wconf 89' lang='lat' dir='ltr'>insecutus</span> <span class='ocrx_word' id='word_1_130' title='bbox 660 2145 761 2206; x_wconf 85' lang='lat' dir='ltr'>veluti</span> <span class='ocrx_word' id='word_1_131' title='bbox 789 2145 940 2224; x_wconf 85' lang='lat' dir='ltr'>profugos</span> <span class='ocrx_word' id='word_1_132' title='bbox 968 2165 1004 2206; x_wconf 86' lang='lat' dir='ltr'>ac</span> <span class='ocrx_word' id='word_1_133' title='bbox 1034 2147 1241 2224; x_wconf 86' lang='lat' dir='ltr'>reprehensos</span> <span class='ocrx_word' id='word_1_134' title='bbox 1276 2149 1310 2207; x_wconf 91' lang='lat' dir='ltr'>in</span> 
     </span>
     <span class='ocr_line' id='line_1_19' title="bbox 302 2251 1308 2330; baseline 0 -18"><span class='ocrx_word' id='word_1_135' title='bbox 302 2253 420 2313; x_wconf 89' lang='lat' dir='ltr'>catenis</span> <span class='ocrx_word' id='word_1_136' title='bbox 445 2252 588 2328; x_wconf 82' lang='lat' dir='ltr'>reduxit3</span> <span class='ocrx_word' id='word_1_137' title='bbox 621 2252 655 2310; x_wconf 90' lang='lat' dir='ltr'>in</span> <span class='ocrx_word' id='word_1_138' title='bbox 678 2252 736 2310; x_wconf 89' lang='lat' dir='ltr'>hoc</span> <span class='ocrx_word' id='word_1_139' title='bbox 762 2270 885 2329; x_wconf 92' lang='lat' dir='ltr'>qnoque</span> <span class='ocrx_word' id='word_1_140' title='bbox 910 2251 1006 2310; x_wconf 89' lang='lat' dir='ltr'>mimo</span> <span class='ocrx_word' id='word_1_141' title='bbox 1033 2258 1158 2330; x_wconf 87' lang='lat' dir='ltr'>praeter</span> <span class='ocrx_word' id='word_1_142' title='bbox 1183 2254 1308 2312; x_wconf 89' lang='lat' dir='ltr'>modum</span> 
     </span>
     <span class='ocr_line' id='line_1_20' title="bbox 302 2356 1309 2435; baseline -0.001 -18"><span class='ocrx_word' id='word_1_143' title='bbox 302 2359 523 2435; x_wconf 85' lang='lat' dir='ltr'>intemperans.</span> <span class='ocrx_word' id='word_1_144' title='bbox 559 2356 709 2434; x_wconf 81' lang='lat' dir='ltr'>Repetite</span> <span class='ocrx_word' id='word_1_145' title='bbox 722 2375 807 2431; x_wconf 88' lang='lat' dir='ltr'>cena,</span> <span class='ocrx_word' id='word_1_146' title='bbox 818 2356 1030 2416; x_wconf 88' lang='lat' dir='ltr'>renuntiantis</span> <span class='ocrx_word' id='word_1_147' title='bbox 1044 2363 1186 2416; x_wconf 88' lang='lat' dir='ltr'>coactum</span> <span class='ocrx_word' id='word_1_148' title='bbox 1198 2377 1309 2433; x_wconf 83' lang='lat' dir='ltr'>agmen</span> 
     </span>
    </p>

    <p class='ocr_par' dir='ltr' id='par_1_8' title="bbox 256 2460 1310 2750">
     <span class='ocr_line' id='line_1_21' title="bbox 256 2460 1307 2549; baseline 0 -26"><span class='ocrx_word' id='word_1_149' title='bbox 256 2476 286 2523; x_wconf 76' lang='lat' dir='ltr'>ao</span> <span class='ocrx_word' id='word_1_150' title='bbox 302 2464 384 2523; x_wconf 91' lang='lat' dir='ltr'>sicut</span> <span class='ocrx_word' id='word_1_151' title='bbox 409 2468 498 2522; x_wconf 89' lang='lat' dir='ltr'>erant</span> <span class='ocrx_word' id='word_1_152' title='bbox 522 2462 670 2521; x_wconf 90' lang='lat' dir='ltr'>loricatos</span> <span class='ocrx_word' id='word_1_153' title='bbox 695 2462 734 2521; x_wconf 91' lang='lat' dir='ltr'>ad</span> <span class='ocrx_word' id='word_1_154' title='bbox 759 2460 1018 2520; x_wconf 87' lang='lat' dir='ltr'>discumbendum</span> <span class='ocrx_word' id='word_1_155' title='bbox 1041 2461 1228 2549; x_wconf 84' lang='lat' dir='ltr'>adhortatus</span> <span class='ocrx_word' id='word_1_156' title='bbox 1251 2469 1307 2524; x_wconf 89' lang='lat' dir='ltr'>est.</span> 
     </span>
     <span class='ocr_line' id='line_1_22' title="bbox 302 2565 1310 2642; baseline 0.001 -15"><span class='ocrx_word' id='word_1_157' title='bbox 302 2569 427 2628; x_wconf 91' lang='lat' dir='ltr'>Monuit</span> <span class='ocrx_word' id='word_1_158' title='bbox 455 2567 550 2627; x_wconf 90' lang='lat' dir='ltr'>etiam</span> <span class='ocrx_word' id='word_1_159' title='bbox 578 2566 743 2627; x_wconf 87' lang='lat' dir='ltr'>notissimo</span> <span class='ocrx_word' id='word_1_160' title='bbox 764 2565 888 2642; x_wconf 84' lang='lat' dir='ltr'>Vergili</span> <span class='ocrx_word' id='word_1_161' title='bbox 909 2584 1013 2641; x_wconf 88' lang='lat' dir='ltr'>versu,</span> <span class='ocrx_word' id='word_1_162' title='bbox 1036 2569 1184 2626; x_wconf 78' lang='lat' dir='ltr'>durarent</span> <span class='ocrx_word' id='word_1_163' title='bbox 1210 2587 1310 2628; x_wconf 73' lang='lat' dir='ltr'>secoro</span> 
     </span>
     <span class='ocr_line' id='line_1_23' title="bbox 301 2677 747 2750; baseline -0.007 -17"><span class='ocrx_word' id='word_1_164' title='bbox 301 2678 406 2750; x_wconf 82' lang='lat' dir='ltr'>disque</span> <span class='ocrx_word' id='word_1_165' title='bbox 427 2693 457 2733; x_wconf 81' lang='lat' dir='ltr'>se</span> <span class='ocrx_word' id='word_1_166' title='bbox 478 2677 566 2733; x_wconf 75' lang='lat' dir='ltr'>rebus</span> <span class='ocrx_word' id='word_1_167' title='bbox 587 2681 747 2731; x_wconf 79' lang='lat' dir='ltr'>servarent.</span> 
     </span>
    </p>

    <p class='ocr_par' dir='ltr' id='par_1_9' title="bbox 256 2775 1359 3798">
     <span class='ocr_line' id='line_1_24' title="bbox 341 2775 1310 2857; baseline -0.001 -18"><span class='ocrx_word' id='word_1_168' title='bbox 341 2780 447 2857; x_wconf 86' lang='lat' dir='ltr'>Atque</span> <span class='ocrx_word' id='word_1_169' title='bbox 462 2779 545 2838; x_wconf 90' lang='lat' dir='ltr'>inter</span> <span class='ocrx_word' id='word_1_170' title='bbox 562 2777 638 2837; x_wconf 92' lang='lat' dir='ltr'>haec</span> <span class='ocrx_word' id='word_1_171' title='bbox 660 2776 821 2836; x_wconf 88' lang='lat' dir='ltr'>absentem</span> <span class='ocrx_word' id='word_1_172' title='bbox 843 2779 987 2835; x_wconf 90' lang='lat' dir='ltr'>senatum</span> <span class='ocrx_word' id='word_1_173' title='bbox 1008 2775 1225 2855; x_wconf 90' lang='lat' dir='ltr'>populumque</span> <span class='ocrx_word' id='word_1_174' title='bbox 1245 2797 1310 2855; x_wconf 84' lang='lat' dir='ltr'>gra·</span> 
     </span>
     <span class='ocr_line' id='line_1_25' title="bbox 301 2880 1310 2959; baseline -0.002 -14"><span class='ocrx_word' id='word_1_175' title='bbox 301 2886 432 2946; x_wconf 85' lang='lat' dir='ltr'>vissimo</span> <span class='ocrx_word' id='word_1_176' title='bbox 442 2882 620 2959; x_wconf 85' lang='lat' dir='ltr'>obiurgavit</span> <span class='ocrx_word' id='word_1_177' title='bbox 632 2882 742 2955; x_wconf 92' lang='lat' dir='ltr'>edicto,</span> <span class='ocrx_word' id='word_1_178' title='bbox 756 2881 839 2958; x_wconf 91' lang='lat' dir='ltr'>quod</span> <span class='ocrx_word' id='word_1_179' title='bbox 854 2880 983 2941; x_wconf 79' lang='lat' dir='ltr'>Caesare</span> <span class='ocrx_word' id='word_1_180' title='bbox 992 2884 1162 2956; x_wconf 80' lang='lat' dir='ltr'>proeliante</span> <span class='ocrx_word' id='word_1_181' title='bbox 1176 2892 1204 2942; x_wconf 83' lang='lat' dir='ltr'>ct</span> <span class='ocrx_word' id='word_1_182' title='bbox 1217 2888 1310 2943; x_wconf 78' lang='lat' dir='ltr'>iactis</span> 
     </span>
     <span class='ocr_line' id='line_1_26' title="bbox 256 2988 1312 3062; baseline -0.002 -11"><span class='ocrx_word' id='word_1_183' title='bbox 256 3009 286 3052; x_wconf 73' lang='lat' dir='ltr'>ai</span> <span class='ocrx_word' id='word_1_184' title='bbox 302 2994 528 3051; x_wconf 76' lang='lat' dir='ltr'>discriminibus</span> <span class='ocrx_word' id='word_1_185' title='bbox 544 2992 661 3062; x_wconf 79' lang='lat' dir='ltr'>obiecto,</span> <span class='ocrx_word' id='word_1_186' title='bbox 677 2990 850 3062; x_wconf 78' lang='lat' dir='ltr'>tempestiva</span> <span class='ocrx_word' id='word_1_187' title='bbox 865 2988 1010 3060; x_wconf 81' lang='lat' dir='ltr'>convicia,</span> <span class='ocrx_word' id='word_1_188' title='bbox 1026 2990 1138 3045; x_wconf 80' lang='lat' dir='ltr'>circum</span> <span class='ocrx_word' id='word_1_189' title='bbox 1153 2996 1180 3046; x_wconf 83' lang='lat' dir='ltr'>et</span> <span class='ocrx_word' id='word_1_190' title='bbox 1194 2990 1312 3049; x_wconf 77' lang='lat' dir='ltr'>theatra</span> 
     </span>
     <span class='ocr_line' id='line_1_27' title="bbox 302 3091 1359 3171; baseline -0.002 -15"><span class='ocrx_word' id='word_1_191' title='bbox 302 3107 329 3157; x_wconf 84' lang='lat' dir='ltr'>ei</span> <span class='ocrx_word' id='word_1_192' title='bbox 342 3116 484 3156; x_wconf 77' lang='lat' dir='ltr'>amoenos</span> <span class='ocrx_word' id='word_1_193' title='bbox 497 3114 627 3155; x_wconf 76' lang='lat' dir='ltr'>semesae</span> <span class='ocrx_word' id='word_1_194' title='bbox 641 3096 827 3154; x_wconf 80' lang='lat' dir='ltr'>celebrarent.</span> <span class='ocrx_word' id='word_1_195' title='bbox 868 3092 1033 3151; x_wconf 89' lang='lat' dir='ltr'>Postremo</span> <span class='ocrx_word' id='word_1_196' title='bbox 1047 3091 1138 3167; x_wconf 91' lang='lat' dir='ltr'>quasi</span> <span class='ocrx_word' id='word_1_197' title='bbox 1153 3100 1311 3171; x_wconf 88' lang='lat' dir='ltr'>perpetra·</span> <span class='ocrx_word' id='word_1_198' title='bbox 1323 3103 1359 3154; x_wconf 82' lang='grc'>46</span> 
     </span>
     <span class='ocr_line' id='line_1_28' title="bbox 303 3195 1311 3276; baseline -0.002 -15"><span class='ocrx_word' id='word_1_199' title='bbox 303 3209 391 3262; x_wconf 87' lang='lat' dir='ltr'>turus</span> <span class='ocrx_word' id='word_1_200' title='bbox 416 3202 543 3276; x_wconf 87' lang='lat' dir='ltr'>bellum,</span> <span class='ocrx_word' id='word_1_201' title='bbox 569 3200 689 3260; x_wconf 88' lang='lat' dir='ltr'>directa</span> <span class='ocrx_word' id='word_1_202' title='bbox 713 3198 779 3258; x_wconf 88' lang='lat' dir='ltr'>acie</span> <span class='ocrx_word' id='word_1_203' title='bbox 801 3198 835 3256; x_wconf 93' lang='lat' dir='ltr'>in</span> <span class='ocrx_word' id='word_1_204' title='bbox 858 3195 950 3255; x_wconf 88' lang='lat' dir='ltr'>litore</span> <span class='ocrx_word' id='word_1_205' title='bbox 972 3196 1089 3256; x_wconf 90' lang='lat' dir='ltr'>Oceani</span> <span class='ocrx_word' id='word_1_206' title='bbox 1112 3215 1148 3256; x_wconf 92' lang='lat' dir='ltr'>ac</span> <span class='ocrx_word' id='word_1_207' title='bbox 1172 3197 1311 3259; x_wconf 86' lang='lat' dir='ltr'>ballistis</span> 
     </span>
     <span class='ocr_line' id='line_1_29' title="bbox 303 3303 1312 3385; baseline -0.004 -18"><span class='ocrx_word' id='word_1_208' title='bbox 303 3307 518 3385; x_wconf 89' lang='lat' dir='ltr'>machinisque</span> <span class='ocrx_word' id='word_1_209' title='bbox 537 3306 710 3384; x_wconf 87' lang='lat' dir='ltr'>dispositis,</span> <span class='ocrx_word' id='word_1_210' title='bbox 725 3304 850 3363; x_wconf 91' lang='lat' dir='ltr'>nemine</span> <span class='ocrx_word' id='word_1_211' title='bbox 867 3322 964 3379; x_wconf 87' lang='lat' dir='ltr'>gnaro</span> <span class='ocrx_word' id='word_1_212' title='bbox 983 3308 1038 3363; x_wconf 91' lang='lat' dir='ltr'>aut</span> <span class='ocrx_word' id='word_1_213' title='bbox 1057 3303 1208 3380; x_wconf 90' lang='lat' dir='ltr'>opinante</span> <span class='ocrx_word' id='word_1_214' title='bbox 1223 3303 1312 3381; x_wconf 92' lang='lat' dir='ltr'>qnid-</span> 
     </span>
     <span class='ocr_line' id='line_1_30' title="bbox 302 3406 1312 3490; baseline -0.002 -18"><span class='ocrx_word' id='word_1_215' title='bbox 302 3433 373 3473; x_wconf 90' lang='lat' dir='ltr'>nam</span> <span class='ocrx_word' id='word_1_216' title='bbox 397 3417 563 3490; x_wconf 87' lang='lat' dir='ltr'>coepturus</span> <span class='ocrx_word' id='word_1_217' title='bbox 585 3416 676 3485; x_wconf 87' lang='lat' dir='ltr'>esset,</span> <span class='ocrx_word' id='word_1_218' title='bbox 691 3414 820 3486; x_wconf 90' lang='lat' dir='ltr'>repente</span> <span class='ocrx_word' id='word_1_219' title='bbox 838 3415 875 3468; x_wconf 91' lang='lat' dir='ltr'>ut</span> <span class='ocrx_word' id='word_1_220' title='bbox 892 3406 1024 3468; x_wconf 89' lang='lat' dir='ltr'>conchas</span> <span class='ocrx_word' id='word_1_221' title='bbox 1040 3408 1182 3485; x_wconf 85' lang='lat' dir='ltr'>legerent</span> <span class='ocrx_word' id='word_1_222' title='bbox 1196 3409 1312 3485; x_wconf 85' lang='lat' dir='ltr'>galeas·</span> 
     </span>
     <span class='ocr_line' id='line_1_31' title="bbox 257 3513 1311 3595; baseline -0.003 -17"><span class='ocrx_word' id='word_1_223' title='bbox 257 3534 287 3579; x_wconf 81' lang='lat' dir='ltr'>ao</span> <span class='ocrx_word' id='word_1_224' title='bbox 302 3538 363 3595; x_wconf 91' lang='lat' dir='ltr'>que</span> <span class='ocrx_word' id='word_1_225' title='bbox 386 3524 417 3578; x_wconf 92' lang='lat' dir='ltr'>et</span> <span class='ocrx_word' id='word_1_226' title='bbox 443 3517 530 3576; x_wconf 91' lang='lat' dir='ltr'>sinus</span> <span class='ocrx_word' id='word_1_227' title='bbox 553 3515 709 3593; x_wconf 86' lang='lat' dir='ltr'>replerent</span> <span class='ocrx_word' id='word_1_228' title='bbox 734 3513 912 3590; x_wconf 88' lang='lat' dir='ltr'>imperavit,</span> <span class='ocrx_word' id='word_1_229' title='bbox 936 3515 1033 3587; x_wconf 76' lang='lat' dir='ltr'>spolia</span> <span class='ocrx_word' id='word_1_230' title='bbox 1059 3513 1172 3574; x_wconf 83' lang='lat' dir='ltr'>Oceani</span> <span class='ocrx_word' id='word_1_231' title='bbox 1194 3534 1311 3575; x_wconf 87' lang='lat' dir='ltr'>vocans</span> 
     </span>
     <span class='ocr_line' id='line_1_32' title="bbox 306 3616 1312 3698; baseline -0.003 -15"><span class='ocrx_word' id='word_1_232' title='bbox 306 3623 454 3698; x_wconf 80' lang='lat' dir='ltr'>Capitolio</span> <span class='ocrx_word' id='word_1_233' title='bbox 474 3623 652 3695; x_wconf 73' lang='lat' dir='ltr'>Palmioqae</span> <span class='ocrx_word' id='word_1_234' title='bbox 670 3621 779 3691; x_wconf 81' lang='lat' dir='ltr'>debita,</span> <span class='ocrx_word' id='word_1_235' title='bbox 795 3617 875 3676; x_wconf 93' lang='lat' dir='ltr'>etin</span> <span class='ocrx_word' id='word_1_236' title='bbox 893 3616 1045 3676; x_wconf 88' lang='lat' dir='ltr'>iudicium</span> <span class='ocrx_word' id='word_1_237' title='bbox 1058 3618 1211 3679; x_wconf 84' lang='lat' dir='ltr'>victoriae</span> <span class='ocrx_word' id='word_1_238' title='bbox 1226 3619 1312 3681; x_wconf 89' lang='lat' dir='ltr'>altis-</span> 
     </span>
     <span class='ocr_line' id='line_1_33' title="bbox 303 3722 1312 3798; baseline 0 -12"><span class='ocrx_word' id='word_1_239' title='bbox 303 3727 414 3787; x_wconf 91' lang='lat' dir='ltr'>simam</span> <span class='ocrx_word' id='word_1_240' title='bbox 437 3732 556 3784; x_wconf 89' lang='lat' dir='ltr'>turrem</span> <span class='ocrx_word' id='word_1_241' title='bbox 579 3722 740 3796; x_wconf 81' lang='lat' dir='ltr'>excitavit,</span> <span class='ocrx_word' id='word_1_242' title='bbox 765 3739 804 3780; x_wconf 85' lang='lat' dir='ltr'>ex</span> <span class='ocrx_word' id='word_1_243' title='bbox 829 3727 951 3798; x_wconf 89' lang='lat' dir='ltr'>quant</span> <span class='ocrx_word' id='word_1_244' title='bbox 974 3722 1080 3782; x_wconf 90' lang='lat' dir='ltr'>Pharo</span> <span class='ocrx_word' id='word_1_245' title='bbox 1103 3724 1249 3786; x_wconf 90' lang='lat' dir='ltr'>noctibus</span> <span class='ocrx_word' id='word_1_246' title='bbox 1271 3725 1312 3785; x_wconf 91' lang='lat' dir='ltr'>ad</span> 
     </span>
    </p>
   </div>
   <div class='ocr_carea' id='block_1_3' title="bbox 0 0 1497 4359">
    <p class='ocr_par' dir='ltr' id='par_1_10' title="bbox 0 0 1497 4359">
     <span class='ocr_line' id='line_1_34' title="bbox 0 0 1497 4359; baseline 0 0"><span class='ocrx_word' id='word_1_247' title='bbox 0 0 1497 4359; x_wconf 95' lang='lat' dir='ltr'> </span> 
     </span>
    </p>
   </div>
  </div>
 </body>
</html>
