2984 4359
300 267 343 332 12
376 280 406 333 c.
431 279 589 332 suenoni
610 281 840 345 marcorem
861 280 912 332 nn
932 282 1024 332 vrrs
1046 281 1250 333 cansarum

298 453 346 513 Ac
373 454 625 532 perseverantiae
652 455 769 533 grande
796 455 933 534 pretium
957 454 1042 530 tulit,
1066 461 1135 516 teto
1161 455 1302 536 Illyrico,

299 559 382 636 quod
402 559 486 620 inter
507 558 635 620 Italiam
652 578 845 638 regnumque
865 561 1018 620 Noricum
1037 567 1069 621 et
1088 561 1256 622 Thraciam
1270 568 1303 622 et

298 659 514 725 Macedoniarn
536 664 680 743 interque
700 665 882 726 Danubium
900 665 1018 725 flumen
1035 672 1067 726 et
1084 666 1187 727 sinum
1205 667 1302 728 maris

297 768 477 830 Hadriatici
496 775 593 849 patet,
608 770 783 848 perdomito
797 776 829 830 et
847 770 882 830 in
896 770 1051 831 dicionem
1065 772 1199 832 redacto.
1242 773 1351 837 00111

266 885 281 929 5
297 874 415 952 gloriae
429 874 562 954 amplior
579 874 682 935 adhuc
695 893 735 935 ex
749 875 985 954 opportunitate
999 876 1144 937 cumulus
1159 879 1300 939 accessit.

288 958 379 1039 'Nam
391 981 449 1041 sub
460 980 493 1040 id
504 979 571 1040 fere
581 986 705 1058 tempus
714 979 889 1051 Quintilius
899 980 1003 1042 Varus
1014 1000 1085 1041 cum
1096 982 1198 1043 tribus
1209 982 1302 1059 legio

295 1084 389 1145 nibus
403 1084 437 1143 in
451 1085 622 1146 Germania
637 1084 741 1163 periit,
756 1085 881 1146 nemine
894 1085 1059 1146 dubitante
1074 1087 1151 1164 quin
1165 1087 1301 1149 victores

297 1189 446 1250 Germani
467 1189 605 1250 iuncturi
625 1208 659 1251 se
679 1190 852 1251 Pannoniis
873 1191 1002 1265 fuerint,
1023 1190 1087 1252 nisi
1109 1192 1301 1254 debellatum

521 1294 885 1374 priusIllyricumesset.
917 1296 1002 1366 Quas
1014 1297 1300 1376 obrestriumphus

252 1412 281 1458 10
295 1371 422 1492 33:20,
521 1400 550 1478 ei
571 1401 714 1460 decretus
735 1405 793 1476 est,
808 1395 963 1477 multique
980 1407 1013 1461 et
1031 1402 1137 1478 magni
1157 1403 1298 1466 honores.

521 1506 716 1566 Censuerunt
727 1505 823 1565 etiam
833 1505 963 1583 quidam
972 1512 1009 1566 ut
1022 1508 1232 1583 Pannonicus,
1243 1508 1300 1569 alii

295 1616 331 1670 ut
351 1611 504 1687 Invictus,
526 1609 671 1670 nonnulli
696 1615 732 1671 ut
755 1610 832 1671 Pius
856 1611 1133 1686 cognominaretur.
1178 1613 1238 1673 Sed
1261 1615 1301 1673 de

295 1715 477 1791 cognomine
496 1714 676 1777 intercessit
695 1716 869 1791 Augustus,
884 1735 922 1776 eo
937 1722 1119 1776 contentum
1140 1719 1301 1796 repremit

296 1826 375 1894 tens,
393 1820 476 1897 quod
499 1838 532 1880 se
552 1820 703 1880 defuncto
729 1826 931 1897 suscepturus
956 1827 1047 1881 esset.
1091 1822 1299 1900 Triumphum

251 1940 279 1984 10
295 1925 363 2003 ipse
376 1924 511 2001 distulit,
525 1930 645 1985 maesta
658 1924 788 1985 civitate
802 1924 1058 2002 clade.Variana;
1080 1927 1181 1986 nihilo
1195 1928 1300 1988 minus

295 2031 404 2091 urbem
419 2035 633 2109 praetextatus
648 2035 680 2090 et
696 2029 804 2090 laurea
818 2037 984 2092 coronatus
1003 2032 1136 2092 intravit
1150 2033 1300 2110 positum-

295 2155 355 2213 que
379 2135 414 2195 in
438 2135 561 2213 Saeptis
585 2134 734 2211 tribunal,
757 2140 870 2196 senatu
893 2142 1026 2213 astante,
1047 2138 1238 2213 conscendit,
1263 2157 1300 2199 ac

295 2240 416 2301 medius
441 2240 523 2300 inter
547 2240 625 2300 duos
650 2240 794 2301 consules
818 2258 890 2299 curn
912 2241 1057 2316 Augusto
1079 2241 1173 2302 simul
1198 2243 1298 2320 sedit;

295 2346 386 2420 unde,
408 2345 524 2423 populo
548 2345 754 2421 consalutato,
778 2344 896 2404 circum
920 2346 1039 2423 templa
1063 2347 1215 2407 deductus
1241 2355 1297 2409 est

249 2461 279 2506 ao
335 2450 483 2510 Proximo
499 2468 582 2510 anno
599 2450 733 2528 repetita
752 2451 930 2525 Germania,
945 2470 1015 2511 cum
1034 2451 1300 2513 animadverteret
1314 2462 1352 2512 18

294 2597 389 2646 Sem,
399 2609 465 2645 cnm-
517 2556 687 2618 Varianam
708 2554 830 2615 cladem
851 2556 1029 2616 temeritate
1048 2562 1080 2616 et
1101 2556 1301 2633 neglegentia

294 2671 479 2731 purgamen·
518 2659 607 2720 ducis
632 2659 793 2735 accidisse,
818 2660 900 2719 nihil
926 2680 987 2720 non
1017 2661 1056 2721 de
1081 2662 1204 2722 consilii
1233 2682 1300 2723 sen·

293 2758 371 2806 Μ’
518 2765 620 2826 tentia
643 2764 725 2841 egit3
759 2783 881 2843 semper
905 2765 984 2826 alias
1009 2767 1059 2826 sui
1083 2768 1206 2828 arbitrii
1230 2786 1300 2827 con·

293 2876 462 2950 tentusque
493 2890 527 2932 se
562 2890 632 2946 uno,
664 2876 741 2930 tnnc
777 2876 902 2948 practer
935 2873 1194 2932 consuetudinem
1228 2892 1299 2933 cum

249 2992 278 3038 25
295 2976 506 3055 compluribus
520 2977 560 3036 de
573 2976 695 3037 ratione
709 2975 787 3036 belli
800 2976 1053 3036 communicavit.
1097 2977 1212 3038 Curam
1226 2998 1300 3056 quo·

294 3101 355 3160 que
377 3082 470 3142 solito
494 3082 680 3142 exactiorem
707 3081 877 3158 praestitit.
926 3081 1127 3143 Traiecturus
1151 3084 1299 3144 Rhenum

190 3226 193 3231 -
220 3247 221 3250 ,
294 3192 500 3248 commeatum
522 3205 643 3247 omnem
664 3185 705 3246 ad
725 3192 844 3246 certam
862 3186 1032 3246 formulam
1051 3188 1216 3248 astrictum
1234 3191 1316 3249 non

294 3298 367 3353 ante
381 3293 566 3369 transmisit,
582 3311 673 3370 quam
692 3290 868 3352 consistens
885 3292 970 3369 apud
988 3293 1089 3370 ripam
1105 3295 1300 3372 explorasset

295 3397 509 3459 vehiculorum
520 3416 622 3473 onera,
634 3417 674 3457 ne
685 3416 748 3474 qua
759 3397 998 3474 deportarentur
1008 3398 1073 3458 nisi
1087 3418 1234 3461 concessa
1243 3405 1300 3460 aut

249 3516 279 3561 ao
294 3503 477 3565 necessaria.
507 3504 606 3563 Trans
618 3501 765 3562 Rhenum
774 3520 849 3561 vero
860 3521 932 3562 eum
940 3502 1024 3562 vitae
1034 3503 1174 3563 ordinem
1185 3506 1298 3582 tenuit,

294 3615 331 3669 ut
359 3609 470 3669 sedens
494 3608 528 3667 in
552 3606 689 3685 caespite
710 3608 796 3666 nudo
823 3606 927 3666 cibum
955 3614 1089 3685 caperet,
1114 3628 1207 3687 saepe
1232 3611 1299 3671 sine

293 3712 430 3774 tentorio
451 3691 657 3790 pernoctaret,
677 3717 844 3789 praecepta
864 3711 1025 3788 sequentis
1047 3712 1111 3772 diei
1130 3714 1236 3774 omnia
1254 3715 1300 3794 (et
