2984 4359
415 266 527 319 nrsns
548 268 583 320 v.
637 267 751 320 n1vus
774 268 968 321 ennomus.
1153 258 1195 324 85

174 437 342 500 Camillus
364 438 596 516 Scribonianus,
614 439 792 501 Delmatiae
812 439 951 517 legatus3
980 459 1090 501 verum
1111 440 1196 503 intra
1234 441 1236 448 '

174 544 335 623 quintum
352 544 436 605 diem
458 562 628 623 oppressus
649 552 707 620 est,
724 545 909 622 legionibus,
924 564 1004 623 quae
1026 565 1196 607 sacramen-

173 657 249 711 tum
280 654 494 725 mutaverant,
522 650 555 710 in
587 649 814 729 paenitentiam
845 649 994 726 religione
1024 650 1194 728 conversis,

174 761 366 834 postquam,
394 754 581 814 denuntiato
611 754 652 814 ad
678 773 794 814 novum
823 753 1042 832 imperatorem
1071 755 1193 832 itinere,

175 880 258 922 casu
284 859 420 938 quodam
447 877 482 918 ac
508 858 664 919 divinitus
687 877 790 938 neque
814 859 938 937 aquilae
962 860 1066 921 ornari
1093 871 1225 940 nequeo

175 967 276 1043 signa
296 963 434 1025 convelli
456 965 636 1041 moverique
658 969 835 1042 potuerunt.

125 1088 162 1137 14
218 1070 419 1134 Consulatus
434 1087 527 1147 super
541 1068 711 1148 pristinum
726 1074 875 1147 quattuor
888 1070 1003 1147 gessit3
1025 1070 1193 1149 exquibus

176 1178 244 1238 duo
271 1152 392 1255 primos
417 1174 558 1249 iunctim,
583 1173 743 1253 sequentis
767 1192 823 1252 per
846 1174 1058 1251 intervallum,
1082 1183 1194 1254 quarto

177 1299 342 1360 quemque
361 1298 451 1352 anne,
468 1285 672 1350 semenstrem
693 1278 910 1352 novissimum,
925 1280 969 1340 bi-

177 1386 335 1448 menstris
356 1391 484 1460 ceteros,
499 1384 629 1445 tertium
652 1390 768 1460 autem,
783 1403 864 1444 noro
885 1384 969 1445 circa
993 1346 1169 1478 &mm
1209 1397 1238 1443 10

177 1491 361 1571 principem
378 1489 531 1567 exemplu,
547 1489 582 1549 in
602 1490 706 1550 locum
726 1489 884 1549 demortui
904 1490 968 1550 suf·
993 1487 1147 1536 ⁶0V⁰t¹⁰¹²t⁰

177 1599 296 1658 fectus.
340 1597 396 1655 Ius
423 1600 456 1655 et
487 1594 596 1655 consul
626 1600 659 1655 et
694 1601 784 1655 extra
817 1593 965 1655 honorem
991 1557 1093 1618 jum
1106 1558 1192 1607 Μ’.

178 1700 431 1763 laboriosissime
454 1699 545 1775 dixit,
568 1700 664 1760 etiam
688 1699 753 1761 suis
779 1718 967 1779 suorumque
994 1701 1106 1762 diebus
1134 1701 1192 1763 sol·

179 1807 352 1881 lemnibus,
387 1824 622 1883 nonnumquam
659 1805 753 1866 festis
787 1822 911 1882 quoque
949 1805 1125 1884 antiquitus
1159 1813 1192 1869 et

179 1912 350 1989 religiosis.
393 1912 460 1971 Nec
479 1923 601 1988 semper
623 1909 818 1989 praescripta
836 1908 940 1986 legum
959 1919 1094 1988 secutus,
1108 1911 1192 1973 duri·
1208 1926 1236 1972 lo

179 2020 261 2078 tiam
287 2016 492 2077 lenitatemve
516 2015 687 2075 multarum
711 2034 750 2075 ex
773 2015 855 2076 bono
874 2020 908 2075 et
931 2033 1039 2094 aequo,
1060 2016 1191 2095 perinde

181 2130 219 2184 ut
239 2122 435 2197 adficeretur,
450 2122 627 2181 moderatus
649 2126 715 2195 est;
737 2139 811 2181 nam
831 2125 864 2180 et
884 2119 935 2196 iis,
950 2121 1005 2199 qui
1026 2123 1110 2200 apud
1131 2122 1192 2201 pri-

181 2235 274 2289 vatos
291 2227 411 2288 iudices
432 2226 504 2304 plns
523 2225 658 2304 petendo
678 2224 817 2285 formula
835 2224 1037 2303 excidissent,
1051 2227 1192 2289 restituit

181 2334 332 2407 actiones,
344 2331 421 2392 etin
435 2332 552 2392 maiore
562 2330 675 2391 fraude
689 2330 858 2407 convictos,
871 2330 1043 2407 legitimam
1058 2351 1191 2411 poenam

128 2454 166 2504 15
183 2456 405 2517 supergressus
429 2437 469 2496 ad
495 2436 611 2497 bestias
633 2435 862 2496 condemnavit.
913 2436 953 2495 In
977 2439 1191 2513 cognoscendo
1206 2452 1236 2499 so

182 2550 290 2605 autem
312 2562 349 2603 ac
373 2542 568 2602 decernendo
593 2542 672 2602 mira
692 2543 845 2604 varietate
868 2542 965 2604 animi

182 2650 256 2725 fuit,
272 2647 365 2708 modo
378 2647 622 2725 circumspectus
636 2654 668 2708 et
686 2666 791 2724 sagax,
806 2648 966 2709 interdum

183 2753 382 2815 inconsultus
397 2771 432 2813 ac
446 2770 604 2830 praeceps,
621 2772 855 2831 nonnumquam
872 2754 967 2814 frivo

183 2861 233 2920 lus
248 2858 430 2935 amentique
445 2857 567 2919 similis.
612 2860 689 2920 Cum
705 2860 848 2922 decurias
863 2879 966 2922 rerum
984 2866 1057 2922 actu
1074 2880 1190 2940 expun-

183 2971 279 3041 geret,
308 2982 389 3038 eum,
418 2962 473 3039 qui
501 2962 701 3025 dissimulata
721 2967 891 3027 ¹uacatione
919 2985 1013 3045 quam
1040 2967 1190 3027 beneficio
1205 2980 1235 3025 rs

992 2623 1166 2672 cenantem

989 2698 1073 2760 Judge

183 3071 351 3132 liberorum
382 3069 517 3130 habebat
546 3072 759 3149 responderat,
787 3077 823 3132 ut
850 3072 999 3151 cupidum
1030 3072 1190 3135 iudicandi

184 3175 324 3251 dimisit3
353 3174 449 3235 alium
475 3174 712 3253 interpellatum
732 3176 772 3236 ab
793 3177 982 3239 adversariis
1003 3179 1042 3238 de
1064 3179 1191 3257 propria

184 3280 249 3357 lite,
278 3285 509 3358 negantemque
537 3280 726 3356 cognitionis
756 3298 831 3356 rem,
857 3282 912 3343 sed
936 3281 1087 3344 ordinarii
1111 3284 1189 3347 iuris

183 3406 260 3462 esse,
287 3405 378 3462 agere
406 3403 533 3445 causam
560 3384 727 3445 confestim
755 3387 839 3464 apud
867 3405 900 3447 se
928 3388 1039 3466 coegit,
1062 3394 1190 3466 proprio

183 3495 300 3570 negotio
315 3494 525 3551 domnacum
539 3492 690 3565 daturum,
706 3509 799 3566 quam
813 3511 926 3568 aequm
941 3496 1030 3553 iudeo
1044 3497 1076 3553 io
1092 3497 1190 3554 alieno
1205 3503 1235 3549 uo

182 3600 438 3679 negotiosorum
457 3602 538 3653 esser.
580 3594 741 3655 Feminam
764 3614 828 3655 non
847 3603 1067 3673 agnoscentem
1088 3598 1189 3659 filium

87 3755 89 3762 ,
144 3769 148 3777 ,
184 3725 284 3781 suum,
314 3699 412 3762 dubia
438 3697 598 3775 utrimque
624 3704 878 3775 argumentorum
906 3701 976 3779 fide,
1005 3704 1045 3763 ad
1072 3703 1190 3764 confes-
