2984 4359
327 557 357 607 2

315 3182 347 3232 3

1036 271 1257 322 Lmen
1305 271 1403 323 v1.
1504 271 1717 322 NERO.
2262 260 2387 326 107

385 463 628 503 suorum
659 443 1018 504 virtutibus
1061 444 1249 518 Nem,
1293 449 1366 502 ut
1407 449 1621 503 tamen
1663 444 1823 503 vitia
1862 443 2164 521 cuiusque
2206 446 2387 521 quasi

382 550 611 609 tradita
639 555 705 608 et
731 548 1016 624 ingenita
1038 547 1370 607 rettulerit.
1446 550 1541 610 Ut
1566 548 1760 624 igitur
1789 547 1977 626 paulo
1999 548 2192 609 altius
2221 569 2389 628 repe-

380 659 523 729 tam,
554 660 778 714 atavus
818 654 953 714 eius
997 654 1107 714 Cn.
1140 654 1461 713 Domitius
1501 654 1570 712 in
1612 654 1936 713 tribunatu

381 759 779 837 ponti-ficibus
830 759 1143 834 offensior,
1187 759 1356 837 quod
1401 758 1599 818 alium
1641 778 1828 836 quam
1872 779 1936 819 se
1989 728 2367 864 ἓὲἑῃῖζῗᾶῗι

383 865 444 923 in
471 864 670 942 patris
701 865 798 924 sui
834 863 1038 924 locum
1075 870 1488 941 cooptassent,
1522 863 1620 924 ius
1664 865 1938 924 sacerdo-
1989 875 2043 923 of
2061 877 2237 924 uero’o
2419 884 2451 929 5

382 975 511 1029 tum
545 970 1079 1046 subrogandorum
1116 988 1155 1029 a
1192 969 1472 1044 collegiis
1512 970 1592 1030 ad
1636 969 1936 1048 populum
1985 954 2336 1073 fffggssfmd‘

383 1073 721 1157 transtulit,
752 1080 820 1135 at
854 1074 923 1133 in
964 1074 1291 1134 consulatu
1337 1074 1782 1151 Allobrogibus
1826 1075 1938 1133 Ar-

382 1180 707 1257 vernisque
765 1179 1094 1257 superatis,
1150 1179 1488 1257 elephanto
1551 1198 1661 1257 per
1726 1179 2108 1258 provinciam
2168 1187 2385 1242 vectus

382 1290 491 1359 est,
520 1285 706 1343 turba
734 1283 1005 1343 militum
1040 1284 1218 1361 quasi
1259 1284 1425 1344 inter
1463 1284 1795 1345 sollemnia
1835 1284 2138 1363 triumphi
2186 1306 2388 1364 prose-

382 1395 621 1466 quente.
708 1391 786 1448 In
816 1390 982 1448 hunc
1016 1389 1184 1448 dixit
1219 1389 1506 1449 Licinius
1542 1390 1806 1450 Crassus
1846 1396 2069 1465 orator,
2099 1411 2222 1450 non
2263 1411 2386 1450 esse
2422 1406 2478 1451 ιο

380 1498 748 1569 mirandum,
793 1497 954 1569 qnod
991 1513 1243 1554 aeneam
1278 1497 1531 1554 barbam
1571 1496 1827 1569 haberet,
1858 1499 1958 1553 cui
1997 1516 2064 1554 os
2092 1499 2383 1572 ferreum,

380 1619 476 1659 cor
512 1601 862 1674 plumbeum
910 1608 1072 1658 esset.
1182 1599 1395 1659 Huius
1438 1598 1611 1659 filius
1654 1605 1904 1676 praetor
1947 1600 2011 1660 C.
2058 1601 2383 1661 Caesarem

379 1704 706 1763 abeuntem
762 1704 1111 1778 consulatu,
1162 1723 1348 1781 quem
1397 1703 1701 1764 adversus
1757 1705 2041 1782 auspicia
2094 1704 2387 1783 legesque

380 1809 642 1883 gessisse
688 1808 1186 1883 existimabatur,
1232 1810 1311 1869 ad
1360 1809 1870 1886 disquisitionem
1917 1817 2172 1871 senatus
2217 1830 2389 1871 voca-

380 1914 505 1988 vit3
578 1933 725 1972 mox
779 1913 996 1973 consul
1054 1913 1494 1992 imperatorem
1552 1913 1631 1973 ab
1686 1914 2064 1975 exercitibus
2121 1916 2385 1976 Gallicis
2420 1933 2476 1979 15

377 2017 692 2078 retrahere
720 2018 1075 2096 temptavit,
1107 2037 1549 2096 successorque
1578 2019 1637 2078 ei
1677 2037 1788 2096 per
1820 2019 2160 2079 factionem
2195 2022 2388 2081 nomi-

375 2130 577 2198 natus,
637 2123 950 2201 principio
996 2123 1205 2184 civilis
1261 2123 1436 2183 belli·
1470 2124 1551 2183 ad
1607 2123 1949 2185 Corfinium
2000 2133 2222 2203 captus
2270 2132 2382 2186 est.

379 2229 563 2289 Unde
592 2228 894 2289 dimissus
925 2229 1344 2290 Massiliensis
1373 2229 1697 2288 obsidione
1732 2229 2075 2291 laborantis
2109 2250 2251 2291 cum
2285 2232 2389 2292 ad-

376 2341 564 2392 ventu
596 2353 711 2393 suo
738 2334 1188 2409 confirmasset,
1219 2340 1474 2412 repente
1507 2334 1815 2408 destituit,
1847 2336 2100 2413 acieque
2138 2338 2385 2398 demum

376 2438 742 2498 Pharsalica
769 2439 1095 2514 occubuit3
1139 2439 1239 2498 vir
1267 2459 1468 2516 neque
1503 2440 1659 2499 satis
1698 2446 1993 2500 constans
2028 2448 2092 2501 et
2134 2441 2386 2518 ingenio
2417 2457 2478 2502 20

374 2544 552 2618 truci,
576 2544 644 2603 in
667 2522 1109 2621 desperatione·
1130 2564 1339 2604 rerum
1368 2551 1633 2604 mortem
1662 2545 1888 2605 timore
1918 2547 2266 2624 appetitam
2295 2547 2387 2607 ita

375 2648 648 2726 expavit,
679 2654 753 2708 ut
791 2649 1085 2709 haustum
1120 2668 1431 2709 venenum
1463 2651 1854 2727 paenitentia
1887 2653 2231 2712 evomuerit
2266 2672 2388 2711 me-

374 2753 706 2830 dicumque
731 2754 1183 2829 manumiserit‚
1208 2755 1374 2831 quod
1398 2755 1520 2814 sibi
1543 2755 1818 2832 prudens
1842 2773 1913 2814 ac
1945 2756 2146 2815 sciens
2177 2757 2384 2818 minus

374 2859 629 2917 noxium
676 2864 1104 2936 temperasset.
1205 2859 1619 2920 Consultante
1664 2866 1872 2919 autem
1924 2861 2032 2921 Cn.
2086 2862 2386 2940 Pompeio

374 2964 449 3022 de
482 2963 711 3022 mediis
750 2982 821 3022 ac
856 2970 1139 3023 neutram
1186 2970 1427 3042 partem
1472 2964 1896 3041 sequentibuS‚
1928 2965 2099 3026 solus
2141 2968 2387 3027 censuit
2418 2986 2475 3030 25

373 3067 651 3127 hostium
681 3087 941 3127 numero
969 3068 1305 3128 habendos,

451 3172 741 3251 Reliquit
769 3172 977 3233 filium
1007 3174 1294 3234 omnibus
1324 3174 1532 3251 gentis
1563 3193 1710 3235 suae
1740 3174 1957 3252 procul
1987 3176 2178 3236 dubio
2216 3197 2387 3255 prae-

372 3278 722 3337 ferendum.
847 3279 914 3338 Is
964 3278 1130 3338 inter
1174 3277 1455 3339 conscios
1503 3279 1913 3340 Caesarianae
1958 3281 2131 3341 necis
2176 3301 2388 3359 quam-

372 3401 559 3459 quam
605 3383 823 3443 insons
868 3384 1201 3443 damnatus
1241 3383 1377 3459 lege
1415 3384 1632 3459 Pedia,
1671 3403 1811 3443 cum
1855 3385 1936 3443 ad

373 3487 663 3548 Cassium
692 3490 1086 3565 Brutumque
1111 3507 1175 3548 se
1199 3488 1556 3567 propinqua
1577 3489 1697 3549 sibi
1721 3507 1939 3564 cogna-

373 3593 543 3652 tione
583 3593 833 3652 iunctos
875 3592 1261 3667 contulisset,
1293 3600 1435 3670 post
1479 3594 1807 3670 utriusque
1851 3593 1941 3651 in-

373 3698 630 3757 teritum
681 3698 950 3757 classem
998 3695 1150 3756 olim
1192 3697 1589 3757 commissam
1631 3697 1911 3773 retinuit,
1955 3698 2134 3757 auxit
2175 3697 2381 3765 etiam„

1989 3467 2166 3514 Nero’s
2189 3477 2353 3527 great·
2421 3513 2473 3541 Ἤ

1991 3539 2317 3599 grandfather
