2984 4359
506 272 618 323 omns
641 273 691 325 vu
742 271 850 324 nnnc.
1117 258 1180 325 137

176 444 241 520 bus,
255 444 466 524 respondente
484 443 581 520 nullo,
597 443 631 503 in
648 443 827 505 cubiculum
844 442 949 520 rediit,
968 444 1052 505 unde
1070 429 1182 505 iamet

176 550 321 610 custodes
342 549 544 627 diffugerant,
565 548 700 628 direptis
721 549 817 610 etiam
842 548 1001 626 stragulis,
1024 555 1129 609 amota
1149 555 1182 609 et

175 654 292 734 pyxide
319 654 450 732 veneni3
482 673 518 715 ac
546 654 655 715 statim
689 654 851 733 Spiculum
883 653 1105 714 mirmillonem
1131 654 1181 714 vel

176 760 347 838 quemlibet
374 759 472 820 alium
499 778 722 838 percussorem,
748 759 836 820 ouius
860 778 956 819 mauu
984 759 1109 837 periret,
1138 778 1183 820 re·

175 865 294 943 quisiit,
314 871 347 925 et
363 865 488 925 nemine
509 872 643 943 reperto,
661 868 747 943 Erqo
766 884 828 943 cqc,
847 864 962 943 inquit,
981 884 1034 926 nco
1050 869 1212 926 amictant

174 972 267 1031 babeo
286 990 341 1031 nco
360 972 539 1030 inimicum?
558 969 787 1048 procurritque,
806 969 896 1048 quasi
918 968 1181 1048 praecipitaturus

129 1080 162 1131 48
175 1095 207 1135 se
233 1076 269 1135 in
296 1075 445 1136 Tiberim.
500 1075 562 1136 Sed
593 1081 738 1136 revocato
765 1094 874 1136 rursus
902 1073 1031 1153 impetu,
1059 1074 1182 1152 aliquid

174 1180 351 1242 secretioris
372 1179 510 1241 latebrae
531 1182 572 1241 ad
592 1180 803 1256 colligendum
820 1181 960 1241 animum
977 1179 1180 1257 desideravit,

174 1291 205 1345 et
234 1286 388 1346 offerente
413 1286 558 1346 Phaonte
592 1285 706 1346 liberto
736 1285 950 1346 suburbanum

173 1410 264 1451 suum
287 1391 371 1450 inter
391 1390 544 1451 Salariam
562 1396 596 1451 et
614 1391 846 1451 Nomentanam
865 1390 950 1451 viam
979 1360 1155 1483 mmm
1196 1407 1228 1453 1o

172 1495 254 1557 circa
268 1501 415 1574 quartum
434 1495 615 1571 miliarium,
630 1502 666 1556 ut
686 1501 754 1556 erat
772 1495 857 1555 nudo
871 1496 950 1574 pede

172 1607 266 1679 atque
288 1600 458 1676 tunicatus,
483 1600 650 1679 paenulam
675 1600 809 1661 obsoleti
830 1600 943 1661 coloris
971 1600 1178 1680 superinduit,

171 1707 386 1785 adopertoque
400 1705 502 1784 capite
517 1712 549 1766 et
562 1711 637 1766 ante
650 1705 765 1766 faciem
782 1707 910 1766 obtento
924 1707 1051 1767 sudario
1065 1725 1179 1784 equum

171 1795 341 1886 inscendit,
369 1817 518 1888 quattuor
550 1811 627 1872 solis
661 1810 896 1886 comitantibus,
924 1811 1008 1871 inter
1041 1831 1120 1889 quos
1147 1818 1179 1872 et

172 1917 291 1996 Sporus
312 1921 388 1976 erat.
431 1916 607 1993 Statimque
631 1921 767 1976 tremore
793 1921 895 1976 terrae
918 1921 951 1977 et
975 1916 1101 1992 fulgure
1129 1917 1180 1977 ad·
1195 1935 1226 1981 15

170 2041 261 2083 verso
289 2022 484 2100 pavefactus,
511 2020 614 2081 audiit
640 2040 658 2081 e
688 2021 841 2100 proximis
871 2021 984 2082 castris
1012 2022 1179 2082 clamorem

170 2127 312 2188 militum
330 2132 363 2186 et
379 2126 442 2187 sibi
460 2126 593 2187 adversa
608 2132 641 2186 et
656 2126 775 2187 Galbae
791 2145 941 2205 prospera
960 2127 1178 2203 ominantium,

170 2233 268 2293 etiam
287 2250 327 2291 ex
346 2231 448 2291 obviis
466 2231 640 2292 viatoribus
658 2231 816 2309 quendum
830 2231 1003 2291 dicentem:
1025 2234 1072 2292 Hi
1086 2235 1179 2292 Nero

169 2357 239 2397 aem
256 2345 491 2413 percoquuntur,
513 2336 611 2396 alium
636 2336 866 2397 sciscitantem:
898 2338 1019 2413 Ecquid
1046 2341 1081 2396 in
1107 2340 1179 2398 urbe

170 2446 243 2503 uoci
256 2445 294 2501 de
308 2443 450 2501 Nerone?
489 2441 580 2519 Equo
600 2447 706 2501 autem
724 2442 819 2501 odore
838 2441 952 2502 abiecti
971 2441 1005 2502 in
1022 2442 1075 2503 via
1091 2443 1179 2503 cada·
1194 2458 1225 2504 ac

171 2547 255 2607 veris
284 2551 492 2621 consternato,
520 2545 646 2606 detecta
672 2546 754 2607 facie
777 2546 904 2623 agnitus
928 2552 977 2607 est
1000 2566 1020 2607 a
1044 2548 1178 2624 quodam

171 2651 312 2713 missicio
334 2651 533 2730 praetoriano
554 2657 587 2711 et
611 2650 775 2712 salutatus.
819 2654 866 2714 Ut
888 2651 928 2711 ad
950 2652 1179 2714 deverticulum

172 2763 303 2817 ventum
320 2762 379 2823 est.
398 2756 538 2817 dimissis
557 2756 657 2834 equis,
674 2756 758 2817 inter
776 2756 927 2817 fruticeta
943 2776 979 2817 ac
993 2776 1104 2835 vepres
1123 2776 1179 2836 per

172 2861 353 2922 ammdineti
382 2861 526 2922 semitam
551 2880 642 2938 aegre
666 2880 724 2922 nec
749 2862 811 2923 nisi
836 2868 936 2923 strata
960 2863 1018 2923 sub
1045 2863 1178 2941 pedibus

172 2973 261 3027 veste
282 2967 323 3027 ad
345 2985 490 3027 aversum
512 2966 608 3027 villae
630 2967 781 3045 parietem
804 2968 914 3028 evasit.
960 2968 1012 3028 Ibi
1034 2967 1178 3028 hortante
1193 2989 1225 3036 os

171 3073 283 3133 eodem
305 3070 459 3147 Phaonte,
481 3078 518 3132 ut
539 3071 667 3132 interim
689 3071 723 3132 in
747 3091 874 3151 specum
899 3079 1022 3150 egestae
1045 3073 1179 3134 harenae

52 3177 54 3183 ⁴
171 3177 367 3252 concederet,
378 3176 506 3253 negavit
519 3196 550 3236 sc
563 3182 666 3238 vivum
680 3181 734 3237 sub
749 3187 861 3237 terrum
873 3183 996 3253 iturum,
1009 3196 1044 3238 ac
1057 3197 1179 3256 parum·

171 3300 228 3360 per
251 3287 470 3356 commoratus,
494 3282 569 3342 dum
591 3282 807 3343 clandestinus
832 3284 873 3343 ad
895 3282 1005 3343 villam
1029 3283 1179 3345 introitus

170 3392 347 3465 pararetur,
361 3405 477 3464 aquam
491 3405 529 3445 ex
544 3388 685 3448 subiecta
695 3388 808 3450 lacuna
821 3396 951 3467 poturus
965 3408 1060 3449 manu
1072 3388 1180 3451 hausit

171 3498 206 3552 et
219 3494 306 3553 Haec
320 3501 373 3567 eat,
384 3491 498 3569 inquit,
510 3495 642 3553 Neroneo
652 3497 793 3555 decocth
808 3494 891 3569 dein,
903 3494 1027 3556 divolsa
1038 3493 1180 3554 sentibus
1195 3511 1225 3557 ac

171 3597 317 3677 paenula,
341 3596 490 3657 traiectos
515 3598 656 3660 surculos
677 3600 764 3659 rasit.
813 3599 919 3677 Atque
943 3600 989 3660 ita
1010 3598 1179 3677 quadripes

171 3722 229 3781 per
252 3700 419 3779 angustias
444 3702 576 3763 effossae
602 3721 754 3765 cavernae
779 3709 922 3782 receptus
946 3703 985 3763 in
1005 3703 1180 3782 proximam
