2984 4359
443 267 558 319 11111111
580 267 631 319 Ν.
681 266 712 320 c.
737 267 935 321 (1111111111.
1153 258 1196 323 65

190 459 222 501 se
237 445 436 519 recepturum
450 440 602 518 stetitque
617 440 651 499 in
662 439 820 502 vestibulo
831 442 956 502 aedium
971 441 1025 502 Kl.
1038 442 1195 503 Ianuariis

190 547 229 606 ad
255 546 429 623 captandas
457 545 565 624 stipes,
587 564 665 624 quas
682 544 786 624 plenis
807 552 880 606 ante
902 565 974 606 eum
995 546 1139 608 manibus
1160 566 1196 609 ac

191 653 258 712 sinu
276 651 378 712 omnis
399 651 521 727 generis
541 651 634 711 turba
653 651 815 711 fundebat.
858 652 971 713 Novis·

191 759 264 818 sime
280 757 522 817 contrectandae
537 756 687 835 pecuniae
706 756 854 835 cupidine
868 755 970 817 incen-

191 883 248 940 sus,
264 881 357 941 saepe
372 880 465 940 super
480 862 649 923 immensos
663 880 827 923 aureorum
836 881 964 923 acervos
975 861 1195 940 patentissimo
1210 873 1225 917 o

190 969 318 1029 diffusos
339 968 407 1027 loco
429 973 462 1027 et
483 967 576 1028 nudis
597 967 729 1045 pedibus
752 968 908 1046 spatiatus
930 973 963 1028 et
983 972 1051 1027 toto
1067 986 1195 1045 corpore

189 1073 382 1152 aliquamdiu
404 1072 564 1133 volutatus
585 1078 643 1133 est.

138 1184 177 1235 43
225 1178 379 1260 Militiam
394 1197 506 1256 resque
519 1177 649 1239 bellicas
670 1178 767 1239 semel
788 1177 904 1254 attigit,
919 1196 1021 1255 neque
1041 1196 1079 1237 ex
1100 1177 1195 1238 desti·

147 1359 149 1362 ι
188 1290 269 1359 nato,
291 1284 348 1344 sed
368 1302 438 1343 cum
460 1282 501 1343 ad
522 1282 687 1343 visendum
708 1301 820 1343 nemus
840 1281 1019 1360 flumenque
1040 1282 1195 1343 Clitumni

188 1389 367 1449 Mevaniam
391 1387 604 1466 processisset,
627 1387 808 1448 admonitus
834 1388 873 1448 de
899 1407 969 1466 sup
1211 1395 1241 1442 ιο

994 1463 1039 1511 His
1050 1464 1165 1524 military

994 1538 1128 1599 ΜΨ

995 713 1089 764 ruer
1099 715 1166 777 pst·

187 1494 302 1572 plendo
330 1511 459 1552 numero
488 1494 689 1568 Batavorum,
717 1511 796 1571 quos
824 1492 908 1553 circa
935 1512 968 1553 se

187 1601 329 1675 habebat,
353 1597 565 1676 expeditionis
588 1597 793 1659 Germanicae
814 1598 968 1676 impeturn

187 1705 285 1783 cepit3
308 1722 410 1781 neque
425 1702 561 1778 distulit,
577 1702 633 1764 sed
654 1701 831 1779 legionibus
851 1709 884 1762 et
905 1703 1033 1765 auxiliis
1054 1704 1193 1783 undique

187 1810 307 1886 excitis,
325 1808 496 1869 dilectibus
517 1807 634 1885 ubique
655 1807 855 1869 acerbissime
876 1808 966 1883 actis,
982 1814 1141 1869 contracto
1161 1817 1194 1870 et

186 1915 287 1975 omnis
303 1913 426 1991 generis
442 1918 618 1974 commeatu
631 1918 751 1991 quanto
764 1932 936 1991 numquam
950 1920 1052 1989 antea,
1068 1914 1129 1974 iter
1150 1914 1194 1973 in-
1210 1925 1245 1981 11,

186 2039 310 2096 gressus
327 2024 378 2079 est
397 2006 595 2096 confecitque
609 2018 703 2078 modo
723 2024 789 2078 tam
810 2017 1001 2079 festinanter
1021 2025 1054 2080 et
1075 2019 1193 2098 rapide,

185 2131 221 2185 ut
240 2124 458 2204 praetorianae
479 2122 623 2184 cohortes
644 2129 753 2183 contra
780 2143 899 2184 morem
926 2124 1017 2200 signa
1044 2124 1193 2187 iumentis

185 2231 345 2309 imponere
359 2234 392 2289 et
406 2228 453 2288 ita
471 2227 620 2306 subsequi
641 2233 834 2305 cogerentur,
849 2229 1009 2289 interdurn
1031 2230 1108 2290 adeo
1129 2248 1195 2306 seg·

184 2336 268 2395 niter
282 2339 315 2395 et
328 2334 473 2410 delicate,
487 2340 525 2393 ut
543 2333 714 2411 octaphoro
726 2334 904 2409 veheretur,
919 2340 1013 2413 atque
1025 2339 1050 2395 “a
1069 2335 1194 2413 propin·

185 2460 317 2518 quarum
332 2439 458 2500 urbium
472 2438 563 2516 plebe
578 2438 662 2498 verri
676 2438 738 2499 sibi
752 2437 820 2499 vias
834 2444 867 2499 et
880 2438 1045 2517 conspergi
1065 2445 1193 2517 propter
1209 2453 1239 2498 ac

184 2546 347 2624 pulverem
362 2544 510 2620 exigeret.

137 2665 173 2714 44
224 2652 399 2727 Postquam
411 2654 515 2709 castra
529 2647 646 2725 attigit,
657 2654 694 2708 ut
709 2667 742 2709 se
757 2667 860 2709 acrem
873 2667 910 2709 ac
924 2668 1066 2710 severum
1082 2650 1193 2710 ducem

185 2755 373 2830 ostenderet,
398 2754 529 2831 legatos,
551 2753 607 2830 qui
630 2752 751 2813 auxilia
772 2752 871 2814 serius
893 2772 932 2813 ex
956 2754 1091 2815 diversis
1115 2754 1192 2816 locis

185 2860 390 2935 adduxerant,
406 2873 476 2919 curn
493 2858 666 2935 ignominia
680 2858 820 2935 dimisit3
842 2864 875 2919 at
888 2859 922 2918 in
937 2860 1077 2919 exercitu
1091 2878 1194 2919 recen·

185 2965 291 3040 sendo,
311 2964 471 3042 plerisque
492 2964 711 3025 centurionum
733 2964 865 3025 maturis
886 2964 958 3039 iam,
979 2970 1011 3025 et
1031 2964 1193 3026 nonnullis
1209 2982 1238 3027 as

178 3075 258 3136 ante
272 3070 480 3148 paucissimos
492 3089 587 3148 quam
602 3069 849 3130 consummaturi
863 3076 968 3130 essent
982 3070 1059 3145 dies,
1075 3070 1193 3149 primos

185 3175 266 3252 pilos
281 3175 409 3251 ademit,
421 3181 567 3236 causatus
582 3176 703 3237 senium
714 3176 866 3254 cuiusque
881 3182 913 3236 et
926 3174 1190 3253 imbecillitatem,

185 3286 358 3341 ceterorum
370 3281 525 3358 increpita
535 3279 717 3359 cupiditate,
727 3282 890 3342 commoda
900 3281 1049 3341 emeritae
1057 3280 1192 3341 militiae

185 3386 224 3445 ad
239 3388 480 3446 sescentorum*
498 3385 621 3445 milium
637 3406 790 3447 summam
810 3386 930 3447 recidit.
972 3387 1066 3447 Nihil
1087 3393 1192 3447 autem

185 3491 321 3570 amplius
346 3509 442 3567 quam
464 3489 615 3550 Adminio
636 3490 838 3569 Cynobellini
861 3491 1084 3552 Britannorum
1109 3490 1237 3567 regisse

184 3597 257 3673 filio,
278 3596 335 3674 qui
355 3595 467 3673 pulsus
488 3614 508 3654 a
523 3601 612 3672 patre
634 3614 705 3655 cum
726 3597 840 3671 exigua
856 3616 951 3656 manu
968 3597 1191 3671 transfugerat,

183 3702 216 3761 in
243 3700 441 3762 deditionem
472 3705 606 3778 recepte,
634 3699 726 3778 quasi
752 3700 900 3762 universa
926 3702 1045 3761 tradita
1077 3700 1191 3774 insula,
