2984 4359
429 259 541 308 umus
565 257 599 309 v.
651 257 764 307 uivus
788 257 981 308 susumus.
1167 248 1209 312 95

194 430 437 508 Urgulanillam
445 428 641 506 triumphali,
653 435 686 489 et
699 447 773 488 mox
783 427 908 489 Aeliam
923 429 1086 491 Paetinam
1102 450 1209 492 cousu-

194 535 259 595 lari
274 543 373 614 patre.
416 537 497 597 Cum
513 540 645 612 utraque
665 534 835 593 divortium
859 534 945 609 fecit,
962 536 1016 594 sed
1038 554 1108 595 cum
1134 537 1209 597 Pae

195 642 269 701 tina
290 662 330 701 ex
353 640 478 701 levibus
500 639 638 715 offensis,
659 658 729 699 cum
753 638 955 715 Urgulanilla
975 641 1014 700 cb
1038 640 1207 701 libidinum

195 748 315 824 probra
341 752 373 807 et
400 744 564 805 homicidii
592 743 811 822 suspicionem.
858 745 936 804 Post
963 744 1021 805 has
1050 746 1207 808 Valeriam

196 852 415 926 Messalinam,
433 850 564 911 Barbati
589 848 744 910 Messalae
770 849 948 910 consobrini
972 850 1022 910 sui
1046 850 1154 928 filiam,
1174 853 1238 919 ins

196 958 436 1018 matrimonium
471 955 599 1033 accepit.
642 955 740 1025 Quam
776 974 846 1014 cum
877 955 1080 1033 comperisset
1114 977 1208 1036 super

197 1070 305 1124 cetera
318 1063 441 1140 flagitia
453 1069 548 1140 atque
563 1061 715 1121 dedecora
726 1061 759 1121 C.
773 1059 851 1120 Silio
865 1060 959 1121 etiam
975 1064 1120 1140 nupsisse
1135 1064 1206 1125 dote

198 1168 283 1229 inter
306 1168 450 1246 auspices
472 1167 663 1243 consignata,
682 1165 839 1244 supplicio
859 1166 977 1226 adfecit
998 1168 1207 1230 confirmavit

198 1293 260 1352 que
274 1294 332 1352 pro
346 1274 491 1335 contione
512 1274 597 1352 apud
618 1273 842 1351 praetorianos,
859 1283 1006 1348 eatetenus
1026 1278 1084 1335 sibi
1104 1280 1206 1336 mutri-

198 1385 305 1440 ruoue'a
324 1383 404 1440 male
424 1383 566 1456 cederent,
577 1399 816 1455 perumusumrm
831 1398 862 1437 se
876 1382 908 1438 iu
923 1383 1078 1455 melibaee,
1093 1402 1129 1440 oc
1145 1386 1207 1442 uisi
1223 1397 1252 1442 10

202 1491 428 1561 menceustsset,
447 1506 508 1545 uou
528 1494 736 1545 recusaturum
758 1488 879 1561 confodi
897 1488 1038 1546 omuibus
1058 1491 1203 1563 ipsorum.

101 1582 104 1584 Α
199 1592 268 1652 Nec
281 1591 394 1652 durare
409 1591 511 1651 valuit
525 1591 602 1668 quin
620 1592 660 1650 de
680 1590 915 1651 condicionibus
933 1591 1081 1651 continuo
1095 1598 1207 1653 tracta·

84 2834 86 2837 ‚
152 2860 186 2913 27
199 2854 329 2913 Liberos
343 2872 382 2911 ex
397 2853 498 2913 tribus
510 2853 660 2913 uxoribus
674 2852 769 2912 tulit:
793 2872 832 2913 ex
844 2852 977 2929 Urgula

199 1703 256 1773 ret,
267 1697 364 1757 etiam
379 1698 419 1756 de
433 1696 594 1771 Paetinae,
606 1715 700 1773 quam
715 1695 791 1755 olim
806 1703 961 1772 exegerat,
971 1697 1071 1775 deque
1086 1698 1206 1759 Lolliae

200 1802 361 1877 Paulinae,
374 1820 454 1880 quae
469 1801 502 1862 C.
514 1801 642 1862 Caesari
657 1807 758 1878 nupta
773 1801 885 1860 fuerat.
919 1802 1036 1862 Verum
1051 1802 1205 1865 illecebris

201 1906 404 1986 Agrippinae,
420 1906 598 1967 Germanici
618 1906 729 1966 fratris
745 1905 795 1966 sui
813 1905 907 1981 filiae,
923 1926 978 1984 per
992 1907 1042 1967 ius
1059 1908 1158 1968 osculi
1174 1918 1207 1969 et
1223 1926 1251 1971 15

200 2012 425 2072 blanditiarum
440 2012 617 2072 occasiones
631 2011 784 2089 pellectus
806 2011 840 2070 in
861 2030 1007 2088 amorem,
1023 2014 1206 2074 subornavit

201 2118 342 2195 proximo
356 2123 469 2178 senatu
483 2116 539 2194 qui
549 2121 722 2191 censerent,
737 2117 910 2193 cogendum
926 2136 959 2177 se
974 2118 1014 2178 ad
1029 2119 1206 2179 ducendum

200 2242 267 2282 eam
287 2242 427 2297 uxorem,
443 2222 533 2299 quasi
554 2222 599 2281 rei
621 2220 765 2299 publicae
787 2222 923 2282 maxime
944 2221 1117 2299 interesset,
1133 2225 1206 2284 dau·

200 2328 333 2406 demque
354 2327 467 2388 ceteris
487 2327 612 2387 veniam
633 2326 744 2387 talium
767 2326 993 2402 coniugiorum,
1009 2347 1088 2405 quae
1110 2329 1150 2389 ad
1171 2330 1205 2390 id

199 2439 324 2511 tempus
338 2433 460 2493 incesta
473 2433 676 2493 habebantur.
719 2432 766 2492 Ac
788 2431 843 2491 vix
863 2451 925 2492 uuo
945 2432 1133 2511 interposito
1153 2435 1204 2514 die
1221 2452 1250 2497 uo

199 2523 335 2599 confecit
344 2539 491 2615 nuptias3
512 2557 575 2597 non
584 2538 716 2616 repertis
731 2538 787 2615 qui
802 2544 1005 2615 sequerentur
1016 2540 1203 2616 exemplum,

200 2650 329 2721 excepto
355 2642 504 2703 libertino
531 2643 676 2720 quodam,
700 2648 732 2702 et
760 2642 860 2703 altero
890 2642 1089 2722 primipilari,
1115 2645 1204 2706 cuius

199 2748 379 2832 nuptiarum
405 2747 539 2807 officium
569 2754 601 2809 et
628 2748 696 2826 ipse
723 2767 793 2807 cum
819 2747 998 2826 Agrippina
1024 2750 1202 2810 celebravit.

222 2959 228 2970 .
596 2958 601 2969 .
816 2959 821 2970 .
1016 2917 1062 2964 llis
1073 2917 1183 2964 children

199 2958 277 3019 nilla
291 2960 430 3019 Drusum
444 2964 477 3019 11
491 2957 665 3033 Claudiam,
680 2977 719 3018 ex
733 2959 867 3018 Paetma
881 2958 977 3017 Anto
1220 2978 1249 3023 ro

147 3074 150 3079 ·
198 3063 293 3138 niam,
308 3083 348 3123 ex
366 3063 540 3124 Messalina
562 3064 726 3124 Octaviam
750 3069 782 3123 et
804 3082 897 3141 quem
920 3062 1021 3140 primo
1044 3063 1205 3123 Germani·

198 3188 278 3243 curn,
293 3187 366 3227 mox
380 3168 598 3228 Britannicum
614 3169 853 3244 cognominavit.
903 3170 1042 3228 Drusum
1056 3168 1203 3245 Pompeis

198 3274 392 3352 impuberem
414 3273 529 3348 amisit,
545 3274 615 3351 piro
636 3293 692 3351 per
713 3274 818 3333 lusum
832 3273 866 3332 in
881 3272 1013 3333 sublime
1034 3274 1152 3334 iactato
1172 3280 1204 3333 et

198 3378 287 3438 hiatu
302 3379 365 3439 oris
380 3385 512 3457 excepto
529 3378 770 3455 strangulatum,
786 3397 855 3439 cum
871 3378 900 3437 ei
915 3384 987 3437 aute
1007 3398 1121 3455 paucos
1131 3378 1204 3442 ¹dies

198 3483 295 3544 filiam
316 3485 421 3544 Seiani
440 3484 668 3561 despondisset.
711 3484 780 3554 Quo
798 3482 898 3559 magis
916 3482 1011 3541 miror
1025 3483 1134 3557 fuisse,
1150 3483 1204 3559 qui
1220 3498 1249 3542 1ο

198 3590 358 3649 traderent
374 3589 486 3648 fraude
501 3608 521 3648 a
536 3588 648 3648 Seiano
660 3594 816 3648 necatum.
859 3586 1024 3648 Claudiam
1038 3606 1077 3646 ex
1091 3588 1204 3647 liberto

192 3714 256 3754 suo
275 3695 390 3754 Botere
414 3698 605 3771 conceptam,
628 3693 772 3771 quamvis
796 3700 870 3752 ante
894 3691 1041 3769 quintum
1065 3710 1204 3751 mensem
