2984 4359
310 293 352 359 60
390 304 421 357 c.
443 302 601 356 sunroru
619 303 849 367 raauoumur
869 304 919 355 ou
937 303 1028 356 vrra
1047 303 1253 357 causarum

309 477 462 539 altaribus
479 475 618 551 victima,
643 476 822 537 succinctus
849 495 1001 553 poparum
1020 476 1134 537 habitu
1152 476 1237 538 elato
1253 478 1320 538 alte

309 582 415 644 subito
436 580 551 642 malleo
577 580 762 641 cultrarium
790 581 949 641 mactavit.
992 581 1142 642 Lautiore
1170 582 1320 644 convivio

216 747 224 762 ,
308 688 428 748 effusus
440 687 473 745 in
485 685 664 761 cachinnos,
675 684 867 761 consulibus,
878 685 933 763 qui
949 686 1039 746 iuxta
1049 687 1217 763 cubabant,
1228 686 1319 766 quid·

309 811 382 853 uam
403 791 529 866 rideret,
552 790 666 852 blande
687 790 920 868 quaerentibus,
938 790 1028 866 Quid,
1044 791 1236 869 inquitates·
1255 814 1319 853 uuo

277 915 374 960 emec
393 906 470 957 uota
492 898 626 975 iugulari
645 904 806 972 anumque
825 904 956 955 cestrum
977 900 1080 956 actim
1106 900 1225 973 poem
1267 899 1319 958 In·
1333 906 1375 956 33

307 1009 358 1063 ter
377 1001 482 1063 varios
495 1002 589 1076 iocos,
613 1019 685 1061 cum
707 1000 864 1061 adsistens
883 1000 1052 1061 simulacro
1072 1002 1158 1063 Iovis
1180 1003 1317 1081 Apellen

307 1107 492 1186 tragoedum
506 1106 716 1167 consuluisset
725 1111 798 1166 uter
811 1104 860 1165 illi
874 1105 974 1166 maior
988 1107 1158 1182 videretur,
1171 1115 1318 1169 cunctan-

308 1220 373 1274 tem
393 1211 529 1290 flagellis
550 1211 689 1287 discidit,
711 1210 903 1271 conlaudans
924 1211 1058 1272 subinde
1078 1231 1188 1273 vocem
1209 1215 1318 1292 depre-

307 1319 409 1380 cantis
437 1317 528 1395 quasi
555 1317 653 1378 etiam
679 1316 715 1375 iu
743 1316 864 1393 gemitu
892 1316 1101 1395 praedulcem.
1164 1319 1315 1389 Quotiens

263 1441 292 1486 ro
307 1422 415 1484 uxoris
430 1421 480 1483 vel
495 1421 649 1483 amiculae
666 1420 783 1482 collum
803 1421 1048 1499 exoscularetur,
1063 1422 1216 1484 addebat:
1240 1427 1317 1484 Tam

307 1533 387 1590 bmra
406 1532 505 1588 cacia
525 1529 617 1587 umal
636 1546 672 1587 oc
693 1530 809 1586 imaro
829 1530 971 1586 demetur.
1022 1527 1106 1598 Quin
1128 1535 1160 1588 et
1181 1528 1316 1590 subinde

307 1634 453 1708 iactabat,
469 1637 687 1709 eoequiutumm
701 1650 732 1691 se
746 1633 793 1691 uel
802 1633 943 1708 fidiculis
956 1634 993 1691 de
1010 1631 1162 1694 Caesonio
1181 1654 1249 1709 aaa,
1263 1654 1318 1694 cur

307 1760 375 1801 eum
388 1747 472 1799 tento
486 1757 573 1814 opere
586 1739 729 1815 ‹lilrgeret

347 1846 415 1905 Nec
437 1843 555 1902 minore
577 1841 676 1901 livore
693 1859 729 1902 ac
746 1840 944 1917 malignitate
965 1860 1061 1920 quam
1083 1844 1232 1921 superbia
1253 1864 1317 1905 sae
1330 1856 1370 1908 34

262 1963 291 2008 re
534 1946 675 2024 vitiaque
696 1964 795 2024 paene
816 1946 967 2007 adversus
988 1946 1092 2008 omnis
1119 1948 1191 2008 aevi
1219 1949 1317 2009 homi·

305 2030 429 2152 ffff
446 2026 497 2075 ⁸¹¹⁶
533 2072 609 2111 num
631 2069 728 2127 genus
750 2056 911 2127 grassatus
932 2056 988 2111 est.
1032 2051 1160 2114 Statuas
1175 2053 1316 2114 virorum

368 2116 385 2165 ι
412 2107 444 2164 ty
534 2155 725 2231 inlustrium,
748 2156 789 2216 ab
812 2156 958 2230 Augusto
978 2175 1017 2216 ex
1041 2156 1224 2236 Capitolina
1244 2179 1317 2221 area

306 2272 434 2346 propter
451 2262 615 2340 angustias
632 2261 666 2319 in
685 2279 831 2338 campum
851 2260 1003 2320 Martium
1019 2261 1169 2339 conlatas,
1186 2265 1233 2324 ita
1246 2266 1316 2326 sub

307 2370 403 2431 vertit
424 2376 519 2447 atque
540 2365 667 2427 disiecit
684 2371 721 2424 ut
738 2364 863 2424 restitui
886 2363 983 2425 salvis
1003 2365 1108 2427 titulis
1128 2387 1192 2428 uon
1209 2376 1317 2447 potue

260 2491 290 2536 ao
306 2478 379 2551 rint,
385 2474 550 2552 vetuitque
558 2470 688 2549 posthac
695 2468 870 2529 viventium
881 2468 1026 2546 cuiquam
1032 2491 1166 2550 usquam
1176 2479 1315 2534 statuam

305 2588 360 2643 aut
374 2580 544 2656 imaginem
555 2576 618 2636 nisi
632 2574 777 2635 consulto
791 2580 824 2633 et
839 2580 966 2635 auctore
977 2595 1011 2636 se
1025 2578 1109 2654 poni.
1154 2577 1315 2654 Cogitavit

305 2688 401 2747 etiam
415 2686 455 2745 de
470 2681 601 2744 Homeri
623 2679 814 2740 carminibus
835 2679 1007 2757 abolendis,
1022 2700 1076 2741 cur
1086 2687 1167 2743 arim
1181 2686 1315 2745 sibinen

304 2795 400 2867 licere,
410 2791 528 2863 dicens,
537 2789 618 2864 qaod
632 2787 757 2845 Platoni
768 2786 907 2860 licuisset,
919 2790 973 2861 qui
986 2806 1054 2846 eum
1064 2807 1079 2847 e
1088 2791 1208 2848 civitate
1222 2809 1314 2865 quam

304 2882 498 2958 corutltuebat
518 2892 660 2953 eiecerit?
701 2890 764 2950 Sed
778 2895 811 2949 et
821 2890 943 2967 Vergili
962 2910 998 2952 ac
1016 2892 1083 2952 Titi
1102 2893 1175 2953 Livi
1194 2894 1315 2973 scripta

258 3018 288 3063 25
304 3009 337 3065 et
357 3001 511 3077 imagines
534 2996 663 3077 paulum
685 2995 770 3056 afuit
784 2996 860 3073 quin
883 3015 921 3056 ex
942 2997 1088 3059 omnibus
1111 3000 1314 3061 bibliothecis

303 3113 471 3180 amoveret,
494 3122 626 3182 quorum
648 3101 783 3161 alterum
805 3082 844 3161 ut
864 3101 983 3164 nullius
1008 3101 1129 3181 ingenii
1154 3106 1315 3167 minimae

304 3232 365 3291 que
384 3211 553 3283 doctrinae,
571 3208 704 3268 alterum
719 3211 756 3265 ut
770 3206 936 3266 verbosum
955 3207 988 3267 in
1002 3208 1136 3270 historia
1150 3211 1315 3290 neglegen-

303 3324 429 3395 temque
451 3314 607 3392 carpebat.
650 3312 698 3371 De
719 3310 799 3370 iuris
820 3329 943 3389 quoque
965 3314 1128 3390 consultis,
1144 3317 1235 3393 quasi
1258 3311 1315 3378 soiss

303 3422 408 3482 entiae
427 3439 533 3480 eorum
554 3434 678 3476 omnem
697 3435 790 3476 usum
804 3415 988 3492 aboliturus,
1009 3437 1102 3498 saepe
1122 3419 1264 3497 iactavit,
1283 3443 1314 3483 se

258 3537 288 3582 ao
303 3528 467 3586 muliercule
497 3527 668 3600 effecturum
689 3540 726 3579 cre
754 3523 829 3595 quid
853 3525 1030 3597 respondere
1046 3529 1169 3600 possint
1189 3537 1315 3603 praeter

303 3651 380 3692 eum.
435 3632 552 3691 Vetera
578 3626 772 3688 familiarum
807 3627 946 3703 insignia
972 3629 1173 3692 nobilissimo
1200 3633 1314 3712 cuique
1328 3642 1362 3692 ³5

303 3736 431 3819 ademit,
446 3735 605 3809 Torquato
626 3737 779 3808 torquem,
795 3732 982 3793 Cincinnato
1002 3734 1131 3812 crinem,
1146 3737 1202 3798 Cn.
1225 3739 1316 3798 Pom-
