2984 4359
523 855 562 921 C.
586 856 795 922 SUETONI
826 857 1128 938 TRANQUILLI

494 1040 577 1122 DE
617 1042 771 1123 VITA
812 1043 1154 1129 CAESARUM

722 1237 857 1296 uisne
884 1238 923 1298 v.

588 1412 749 1479 DIVUS
780 1414 1058 1482 CLAUDIUS.

287 1718 303 1762 o
358 1705 486 1765 Patrem
509 1702 623 1766 Claudi
645 1702 788 1764 Caesaris
807 1706 956 1781 Drusum,
971 1705 1047 1766 olim
1066 1706 1233 1767 Deoimum
1255 1718 1359 1770 moxl

317 1852 473 1899 „mmm
544 1809 702 1868 Neronem
723 1810 933 1887 praenomine,
959 1810 1061 1886 Livia,
1084 1830 1155 1871 oum
1181 1813 1330 1890 Augusto

316 1924 439 1973 {ametor
545 1912 676 1989 gravida
704 1913 874 1992 nupsisset,
903 1915 989 1975 intra
1019 1935 1161 1977 mensem
1195 1920 1327 1980 tertium

317 2000 437 2048 ⁰¹⁸⁰d¹¹¹⁸
545 2018 676 2096 peperit,
708 2017 834 2096 fuitque
869 2020 1015 2098 suspioio,
1048 2040 1087 2081 ex
1121 2022 1237 2084 vitrioo
1272 2044 1329 2103 per

316 2124 465 2186 adulterii
485 2123 743 2183 consuetudinem
768 2130 973 2201 procreatum.
1017 2125 1133 2186 Statim
1154 2133 1240 2189 oerte
1261 2130 1328 2189 vul-

271 2239 300 2285 10
315 2235 406 2306 gatus
428 2236 477 2290 est
497 2247 623 2289 versus:

553 2339 618 2397 Τοῖς
632 2338 780 2414 εὐτυχοῦσι
794 2336 839 2395 καὶ
854 2338 973 2415 τρίμηνα
986 2336 1087 2398 παιδία.

313 2441 349 2501 Is
363 2433 486 2501 Drusus
496 2440 530 2498 in
545 2444 731 2517 quaesturae
745 2445 973 2517 praeturaeque
984 2440 1101 2501 honore
1112 2442 1179 2502 dux
1190 2443 1326 2521 Raetici,

313 2546 428 2606 deinde
443 2544 624 2607 Germanioi
638 2543 714 2604 belli
725 2545 885 2605 Oceanum
902 2546 1192 2623 septemtrionalem
1203 2549 1325 2627 primus

312 2653 527 2712 Romanorum
548 2651 661 2709 dueum
683 2650 846 2726 navigavit
871 2655 1020 2728 transque
1047 2652 1196 2711 Rhenum
1220 2653 1325 2715 fossas

267 2769 296 2815 15
312 2758 387 2818 novi
401 2762 433 2817 et
447 2755 595 2816 immensi
609 2755 713 2834 operis
728 2755 843 2830 effecit,
856 2774 936 2833 quae
950 2775 1033 2815 nuno
1048 2757 1150 2817 adhue
1165 2759 1324 2820 Drusinae
1368 2779 1370 2788 ·

311 2869 471 2924 vooantur.
514 2862 650 2923 Hostem
669 2862 766 2921 etiam
784 2861 966 2937 frequenter
989 2879 1113 2922 caesum
1136 2881 1172 2922 ao
1194 2864 1324 2941 penitus

310 2969 344 3029 in
366 2969 495 3029 intimas
513 2967 699 3029 solitudines
723 2973 828 3027 aetum
847 2986 910 3026 non
931 2965 1019 3044 prius
1039 2966 1165 3027 destitit
1186 2968 1322 3046 insequi,

310 3095 406 3153 quam
428 3075 548 3154 speeies
569 3075 719 3134 barbarae
741 3073 892 3148 mulieris,
908 3073 1047 3133 humana
1067 3072 1210 3151 amplior,
1226 3075 1323 3135 victo

310 3200 377 3241 rem
390 3183 519 3242 tendere
533 3181 619 3240 ultra
633 3198 774 3241 sermone
789 3179 903 3239 Latino
918 3178 1140 3257 prohibuisset.
1183 3179 1268 3250 Quas
1282 3180 1321 3241 ob

264 3297 293 3343 uo
309 3307 359 3349 res
384 3287 500 3348 orandi
525 3287 574 3347 ius
599 3290 631 3345 et
655 3283 861 3362 triumphalia
885 3290 1069 3345 ornamenta
1094 3284 1256 3363 percepit3
1285 3304 1321 3345 ao

236 3467 237 3470 Ἴ
309 3398 381 3472 post
400 3398 580 3472 praeturam
601 3389 770 3450 confestim
790 3389 871 3449 inito
892 3384 1056 3450 consulatu
1078 3396 1174 3468 atque
1196 3390 1321 3468 expedi-

308 3498 395 3558 tione
417 3497 562 3575 repetita,
582 3514 761 3573 supremum
788 3494 872 3553 diem
894 3495 1000 3556 morbo
1025 3495 1104 3556 obiit
1128 3496 1163 3554 in
1188 3495 1319 3557 aestivis

308 3602 429 3676 eastris,
445 3620 524 3678 quae
539 3619 579 3659 ex
593 3618 629 3659 eo
645 3599 803 3660 Scelerata
817 3604 891 3660 sunt
905 3599 1071 3677 appellata
1110 3601 1234 3680 Corpus
1252 3601 1318 3663 eius

308 3725 364 3784 per
379 3704 622 3782 municipiorum
633 3702 886 3781 coloniarumque
897 3704 1059 3781 primores,
1070 3705 1328 3784 suscipientibus·

797 3808 830 3859 76
