2984 4359
481 274 592 325 amns
616 274 668 326 111.
720 274 903 327 meremus.
1156 263 1197 328 35

190 454 345 509 tormento
368 447 572 508 distenderet.
622 447 713 518 Quod
735 447 798 507 nisi
821 466 893 508 eum
915 453 948 507 et
969 467 1052 508 mors
1073 466 1198 527 praeve

190 555 288 614 nisset
307 559 340 613 et
359 551 546 630 Thrasyllus
564 551 716 627 consulto,
731 558 769 613 ut
783 552 882 627 aiunt,
898 552 1024 612 differre
1043 553 1196 629 quaedam

191 678 244 737 spe
266 658 419 734 longioris
442 657 527 717 vitae
551 657 765 735 compulisset,
791 657 896 735 plures
921 657 1085 735 aliquanto
1110 677 1198 719 neca·

189 770 277 824 turus
293 782 329 823 eo
343 781 383 822 ne
398 761 530 839 reliquis
550 761 677 840 quidem
694 762 862 840 nepotibus
881 781 1030 841 parsurus
1050 763 1196 838 creditur,

189 889 259 929 cum
283 874 316 928 et
342 868 457 928 Gaium
487 873 667 945 suspectum
696 867 835 943 haberet,
860 873 892 928 et
917 867 1077 928 Tiberium
1098 874 1136 929 nt
1158 885 1228 930 ext

189 974 346 1034 adulterio
361 978 545 1050 conceptum
560 979 788 1050 aspernaretur.
830 974 898 1033 Nec
913 973 1060 1032 abhorret
1074 992 1094 1033 a
1107 992 1200 1048 ver03
1292 1019 1295 1024 .

188 1098 325 1157 namque
340 1079 515 1138 identidem
527 1081 650 1154 felicem
671 1080 836 1138 Pmssumum
853 1080 984 1152 occubat,
999 1081 1079 1154 quod
1097 1097 1198 1154 super-

188 1196 245 1245 stes
259 1189 398 1245 emerium
412 1203 536 1243 suorum
559 1188 722 1245 exstitisset.

139 1298 175 1349 63
227 1292 326 1361 Quam
344 1289 426 1349 inter
444 1289 522 1348 haec
541 1307 604 1347 non
619 1289 711 1348 modo
729 1288 852 1349 inrisus
870 1307 905 1348 ac
920 1288 1126 1364 detestabilis,
1141 1289 1196 1349 sed

188 1394 408 1474 praetrepidus
433 1412 556 1471 quoque
581 1399 676 1470 atque
701 1393 797 1453 etiam
821 1392 1019 1453 contumeliis
1043 1394 1197 1453 obnoxius
1213 1405 1243 1452 10

188 1500 313 1574 vixerit,
331 1497 433 1558 multa
453 1498 570 1557 indicia
592 1505 674 1559 sunt.
719 1498 912 1575 Haruspices
936 1504 1054 1557 secreto
1072 1517 1108 1558 ac
1128 1498 1197 1559 sine

187 1605 323 1666 testibus
351 1603 472 1664 consuli
500 1604 610 1664 vetuit.
662 1604 777 1664 Vicina
800 1622 873 1662 vero
901 1602 969 1662 urbi

188 1710 311 1770 oracula
324 1709 420 1769 etiam
430 1709 562 1769 disicere
573 1716 704 1769 conatus
720 1714 776 1784 est,
793 1709 848 1768 sed
862 1707 969 1767 maies-

188 1821 252 1875 tate
272 1814 548 1874 Praenestinarum
573 1814 703 1874 sortium
724 1813 854 1873 territus
876 1813 969 1872 desti-

188 1921 237 1995 tit,
259 1940 332 1980 cum
346 1919 528 1995 obsignatas
548 1918 757 1995 deuectasque
775 1919 908 1978 Romam
925 1937 988 1977 uon
1007 1918 1198 1997 repperisset
1213 1934 1242 1979 15

187 2026 220 2084 in
234 2045 309 2085 arca
324 2024 387 2085 nisi
401 2023 502 2084 relata
516 2042 624 2083 rursus
639 2024 679 2083 ad
693 2023 855 2101 templum.
898 2024 1007 2083 Unum
1018 2028 1050 2082 et
1063 2022 1195 2084 alterum

187 2131 378 2204 consulares,
400 2128 514 2189 oblatis
536 2128 706 2206 provinciis
727 2148 791 2187 non
812 2147 907 2188 ausus
929 2147 948 2187 a
968 2147 1002 2188 se
1026 2129 1195 2203 dimittere,

188 2254 287 2312 usque
308 2254 344 2293 eo
365 2234 512 2308 detinuit,
531 2233 630 2294 donec
652 2252 845 2293 successores
867 2239 938 2311 post
959 2233 1080 2311 aliquot
1099 2252 1196 2293 annos

187 2340 407 2418 praesentibus
432 2339 538 2414 daret3
559 2357 630 2398 cum
659 2338 786 2398 interim
812 2345 957 2398 manente
982 2337 1075 2399 officii
1102 2338 1197 2399 titulo

187 2447 282 2505 etiam
304 2444 464 2520 delegaret
483 2442 620 2521 plurima
638 2442 772 2518 assidue,
788 2461 868 2520 quae
884 2442 933 2502 illi
952 2462 1009 2521 per
1027 2443 1146 2520 legatos
1165 2449 1197 2503 et
1212 2462 1242 2507 ao

137 2558 174 2607 64
187 2551 348 2610 adiutores
369 2568 441 2609 suos
459 2549 660 2626 exsequenda
678 2555 831 2608 curarent.
874 2549 998 2608 Nurum
1018 2567 1053 2608 ac
1067 2554 1196 2627 nepotes

187 2673 361 2732 numquam
375 2652 468 2714 aliter
482 2659 554 2732 post
573 2654 805 2713 damnationem
820 2673 914 2731 quam
933 2658 1094 2714 catenatos
1109 2653 1196 2713 obsu-

187 2765 283 2837 taque
301 2759 413 2818 lectica
429 2737 497 2819 loco
513 2758 621 2833 movit,
636 2758 806 2836 prohibitis
821 2777 877 2837 per
895 2758 1028 2817 militem
1045 2757 1146 2817 obviis
1161 2777 1196 2818 ac

187 2865 361 2925 viatoribus
376 2863 529 2941 respicere
544 2883 676 2940 usquam
693 2863 743 2922 vel
758 2849 936 2923 consistere.
969 2879 973 2892 “

137 2977 173 3027 65
229 2969 378 3030 Seianum
393 2987 442 3028 res
456 2988 554 3029 novas
569 2969 760 3043 molientem,
775 2968 920 3045 quamvis
934 2968 998 3028 iam
1012 2973 1045 3027 et
1058 2967 1193 3028 natalem
1212 2983 1242 3029 at

188 3074 256 3135 eius
271 3073 396 3152 publice
411 3073 561 3133 celebrari
572 3078 604 3133 et
618 3072 771 3149 imagines
782 3092 891 3133 aureas
906 3072 967 3133 coli
980 3072 1098 3151 passim
1113 3072 1197 3132 vide·

188 3186 245 3255 ret,
259 3179 315 3239 vix
334 3179 461 3238 tandem
477 3183 510 3238 et
528 3183 601 3238 astu
614 3179 715 3254 magis
732 3197 768 3239 ac
783 3178 855 3239 dolo
874 3197 967 3255 quam

188 3284 357 3364 principali
367 3283 553 3344 anctoritate
563 3284 726 3344 subvertit.
766 3286 848 3344 Nam
857 3284 967 3362 prime,
994 3256 1140 3392 {21:3¹}oe

188 3397 223 3451 ut
245 3411 263 3453 a
286 3410 319 3451 se
339 3409 396 3468 per
411 3389 545 3467 speciem
562 3389 690 3450 honoris
708 3389 893 3462 dimitteret,
910 3389 969 3448 col-

187 3498 288 3575 legam
312 3495 376 3557 sibi
399 3495 577 3572 adsumpsit
602 3496 636 3553 in
659 3495 770 3571 quinto
791 3494 965 3570 consulatu,
988 3514 1081 3573 quem
1102 3494 1197 3573 longo
1212 3513 1241 3558 so

184 3602 357 3664 intervallo
380 3600 494 3660 absens
517 3601 556 3660 ob
580 3601 613 3660 id
637 3603 740 3679 ipsum
767 3606 954 3678 susceperat.
997 3601 1119 3661 Deinde
1141 3620 1196 3679 spe

182 3708 351 3773 affinitatis
367 3722 404 3765 ac
419 3703 605 3766 tribuniciae
619 3705 786 3785 potestatis
801 3705 966 3784 deceptum
981 3705 1195 3786 inopinantem

995 1683 1041 1730 liis
1051 1682 1121 1731 fem
1130 1685 1180 1730 and

994 1758 1191 1817 apprehensione
