2984 4359
475 278 586 329 ursos
609 277 662 330 111.
713 278 894 330 rmusros.
1149 268 1192 333 23

183 451 302 527 legatos
320 450 523 529 compescuit,
538 470 576 511 ne
596 469 652 529 per
668 469 720 511 eos
738 452 863 528 quidem
883 451 945 512 uisi
962 458 1146 514 cunctanter
1160 461 1193 514 et

183 556 368 617 necessario.
412 556 515 632 Reges
540 547 674 617 infestos
699 562 924 634 suspectosque
945 557 1192 618 comminationi·

183 662 239 722 bus
261 661 364 738 magis
386 667 418 721 et
439 661 587 739 querellis
609 681 704 740 quam
723 662 756 721 vi
776 662 942 741 repressit,
965 664 1115 741 quosdam
1137 684 1192 743 per

182 767 354 828 blanditias
369 773 464 844 atque
479 768 634 846 promissa
648 774 804 829 extractos
819 769 860 828 ad
879 787 912 830 se
929 788 993 829 non
1010 770 1141 846 remisit,
1155 776 1192 830 ut

184 874 413 934 Maroboduum
431 875 633 950 Germanum,
648 873 873 952 Rhascupolim
897 874 1057 950 Thracem,
1078 876 1223 940 Arches

184 979 269 1038 laum
291 979 517 1057 Cappadocem,
535 978 624 1039 ouius
645 978 742 1039 etiam
763 997 893 1056 regnum
915 979 1104 1040 informem
1125 999 1193 1058 pro-

185 1085 307 1144 vinciae
321 1084 451 1161 redegit.

138 1198 172 1248 30
224 1190 359 1249 Biennio
374 1189 523 1249 continuo
537 1195 609 1267 post
624 1189 774 1267 adeptum
788 1189 956 1268 imperium
975 1191 1086 1268 pedem
1102 1197 1193 1270 porta

185 1316 247 1355 non
260 1296 391 1371 extulit3
415 1297 559 1373 sequenti
576 1302 716 1373 tempore
733 1303 949 1373 praeterquam
968 1298 1002 1356 in
1016 1298 1193 1375 propinqua

127 1459 132 1474 ,
187 1400 303 1479 oppida
336 1406 377 1475 et,
412 1419 484 1460 oum
518 1400 710 1476 longissime,
740 1401 839 1460 Antio
873 1407 965 1462 tenus
1209 1416 1237 1461 10

186 1526 342 1584 nusquam
376 1507 468 1581 afuit,
496 1507 592 1584 idque
626 1525 753 1585 perraro
786 1513 819 1567 et
852 1526 966 1585 paucos
991 1481 1183 1603 mmm
1304 1487 1306 1492 s

187 1612 269 1688 dies3
302 1612 448 1689 quamvis
476 1612 654 1690 provincias
679 1631 803 1690 quoque
827 1619 859 1672 et
883 1631 967 1672 exer·

187 1716 267 1777 citus
292 1717 468 1776 revisurum
494 1736 528 1777 se
552 1735 644 1795 saepe
668 1718 905 1795 pronuntiasset
928 1727 961 1777 et
984 1737 1080 1796 prope
1105 1722 1193 1796 quot

187 1822 277 1881 annis
298 1821 527 1900 profectionem
546 1828 756 1900 praepararet,
777 1821 929 1883 vehiculis
948 1822 1192 1901 comprehensis,

188 1925 412 1986 commeatibus
440 1946 496 2004 per
523 1926 698 2004 municipia
725 1932 758 1986 et
785 1927 923 1988 colonias
951 1928 1124 2005 dispositis,
1152 1928 1193 1987 ad
1210 1944 1238 1989 15

188 2036 362 2091 extremum
383 2036 457 2090 vota
477 2051 534 2110 pro
554 2031 603 2092 itu
624 2037 656 2091 et
676 2032 781 2091 reditu
803 2051 859 2092 suo
881 2032 997 2111 suscipi
1018 2052 1139 2111 passus,
1156 2039 1193 2092 ut

188 2136 282 2213 vulgo
320 2136 384 2196 iam
425 2155 481 2214 per
519 2137 621 2196 iocum
662 2137 849 2213 Callippidas
887 2145 1050 2198 vocaretur
1086 2138 1192 2216 (quern

188 2242 339 2301 cursitare
364 2260 400 2301 ac
425 2260 464 2301 ne
486 2219 585 2302 cubiti
606 2242 734 2319 quidem
759 2261 936 2303 mensuram
961 2244 1105 2321 progredi
1127 2263 1194 2321 pro

141 2356 175 2406 39
188 2347 294 2407 verbio
313 2347 434 2407 Graeco
451 2352 596 2407 notatum
615 2350 687 2427 est).
731 2348 794 2407 Sed
815 2349 941 2409 orbatus
962 2353 1096 2425 utroque
1116 2349 1191 2425 filio,

188 2471 318 2529 quorum
344 2452 550 2512 Germanicus
575 2454 609 2511 in
635 2453 735 2531 Syria,
761 2455 884 2514 Drusus
908 2455 969 2513 Ro
1208 2466 1239 2512 00

188 2575 256 2617 mae
291 2557 421 2633 obierat,
451 2575 607 2618 secessum
642 2558 833 2636 Campaniae
867 2559 965 2636 petit3
992 2533 1194 2667 {fflfflffl

188 2661 346 2722 constanti
381 2667 413 2721 et
447 2662 593 2740 opinione
627 2669 659 2722 et
691 2682 833 2724 sermone
868 2683 966 2742 paene

188 2769 327 2827 omnium
344 2768 435 2845 quasi
453 2787 555 2846 neque
574 2770 733 2830 rediturus
754 2789 905 2847 umquam
925 2777 956 2830 et
977 2771 1041 2830 cito
1060 2776 1192 2830 mortem

188 2874 280 2932 etiam
310 2872 462 2933 obiturus.
515 2874 603 2944 Quod
631 2875 725 2952 paulo
750 2875 853 2935 minus
877 2882 1046 2952 utrumque
1070 2875 1191 2951 evenit3

187 2996 260 3037 nam
280 2996 383 3055 neque
404 2979 538 3038 Romam
559 2979 695 3057 amplius
717 2980 821 3056 rediit,
844 2986 876 3040 et
897 2999 1011 3059 paucos
1032 2986 1105 3058 post
1125 2980 1192 3041 dies
1208 2998 1237 3043 25

187 3082 276 3142 iuxta
290 3084 494 3142 Tarracinam
508 3083 541 3141 in
556 3084 722 3161 praetori0,
738 3086 789 3144 oui
810 3086 983 3163 Speluncae
1002 3105 1115 3145 nomen
1134 3091 1191 3161 est,

188 3186 351 3247 incenante
369 3206 406 3247 eo
422 3188 584 3265 complura
601 3194 633 3248 et
651 3190 794 3266 ingentia
812 3210 888 3250 saxa
906 3191 1040 3250 fortuito
1059 3209 1193 3268 superne

186 3291 315 3369 delapsa
329 3297 413 3367 sunt,
425 3292 596 3370 multisque
611 3294 814 3354 convivarum
825 3301 857 3354 et
868 3296 1083 3355 ministrorum
1094 3295 1191 3371 elisis,

185 3403 309 3474 praeter
323 3415 412 3475 spem
426 3398 536 3457 evasit.

138 3513 172 3564 40
223 3503 397 3578 Peragrata
419 3502 600 3581 Campania,
623 3523 693 3564 cum
717 3505 841 3583 Capuae
865 3506 1066 3584 Capitolium,
1091 3505 1192 3567 Nolae
1208 3525 1238 3570 so

183 3606 337 3685 templum
367 3605 515 3682 Augusti,
540 3626 635 3684 quam
663 3628 789 3669 causam
817 3609 1023 3687 profectionis
1051 3616 1192 3688 praeten-

182 3711 280 3786 derat,
296 3710 485 3785 dedicasset,
500 3710 636 3788 Capreas
657 3731 691 3772 se
712 3712 857 3789 contulit,
872 3714 1039 3793 praecipue
1060 3714 1192 3773 delecta·
