2984 4359
294 256 314 323 8
369 269 400 321 ο.
424 265 581 319 sunuoru
602 265 831 329 resnommr
853 266 904 317 un
923 266 1014 317 vrrs
1037 266 1240 319 cansarum

292 440 405 521 panias
432 439 462 501 le
484 458 549 516 ens,
573 437 793 500 imbecillitate
819 438 957 516 Augusti
985 438 1140 515 nuntiata,
1164 440 1295 519 paulum

292 545 445 609 substitit
462 459 551 606 ism
574 542 825 605 increbrescente
847 563 971 605 rumore
992 545 1082 622 quasi
1103 546 1144 605 ad
1164 545 1296 608 occasio

292 672 363 715 nem
391 650 518 713 maioris
547 649 613 730 spei
641 655 893 724 commoraretur,
915 655 1041 710 tanturn
1065 669 1128 710 non
1152 651 1295 713 adversis

292 757 533 837 tempestatibus
561 754 710 816 Rhodum
732 755 923 831 enavigavit,
945 755 1136 816 amoenitate
1158 761 1191 817 et
1215 755 1296 818 salu-

261 864 407 925 obritate
425 862 547 923 insulae
565 861 629 921 iarn
649 860 723 921 inde
740 865 851 940 captus
865 878 937 920 cunr
951 859 1074 921 adeam
1089 862 1128 922 ab
1143 861 1296 923 Armenia

293 969 417 1030 rediens
438 966 620 1047 appulisset
663 964 728 1026 Hic
749 966 880 1027 modicis
901 971 1068 1027 contentus
1088 966 1218 1028 aedibus
1237 986 1295 1029 nec

292 1074 394 1135 multo
420 1073 540 1134 laxiore
564 1071 753 1147 suburbano,
776 1090 873 1148 genus
897 1070 984 1132 vitae
1007 1071 1101 1132 civile
1126 1073 1294 1133 admodum

292 1178 444 1255 instituit,
472 1178 540 1239 sine
568 1175 678 1237 lictore
707 1182 763 1237 aut
790 1176 910 1237 viatore
941 1177 1106 1255 gymnasio
1135 1177 1296 1239 interdum

292 1283 506 1359 obambulans,
531 1287 702 1360 mutuaque
729 1299 801 1341 cum
826 1280 989 1342 Graeculis
1012 1281 1114 1343 officia
1139 1302 1295 1362 usurpans

246 1401 276 1448 ιο
292 1408 389 1469 prope
409 1408 449 1449 ex
469 1406 576 1466 aequo.

332 1496 426 1555 Forte
447 1493 603 1572 quondam
623 1492 658 1552 in
679 1492 874 1569 disponendo
897 1492 949 1553 die
972 1510 1062 1553 mane
1086 1493 1294 1571 praedixerat,

517 1596 672 1675 quidquid
691 1615 855 1673 aegrorum
874 1596 908 1657 in
924 1597 1054 1659 civitate
1068 1605 1152 1660 esset
1166 1599 1295 1661 visitare

516 1721 550 1763 se
577 1700 675 1779 velle3
709 1702 744 1762 id
772 1721 792 1763 a
817 1701 971 1780 proximis
998 1702 1091 1763 aliter
1119 1710 1294 1783 exceptum,

292 1809 433 1887 iussique
454 1812 529 1869 sunt
547 1826 654 1869 omnes
673 1807 759 1884 aegri
778 1808 812 1867 in
830 1808 989 1886 publicam
1005 1808 1161 1887 porticum
1177 1809 1295 1871 deferri

248 1935 277 1981 15
292 1933 329 1975 ac
342 1932 398 1993 per
408 1913 625 1974 valetudinum
636 1931 750 1990 genera
763 1912 897 1990 disponi.
934 1914 1103 1975 Perculsus
1113 1933 1188 1992 ergo
1197 1915 1295 1994 inopi·

292 2024 369 2080 nata
381 2038 414 2079 re
429 2018 546 2096 diuque
560 2018 638 2096 quid
652 2024 759 2095 ageret
775 2018 922 2094 incertus,
936 2019 1064 2080 tandem
1082 2020 1223 2096 singulos
1239 2021 1296 2081 cir·

293 2125 367 2200 cuit,
381 2142 533 2185 excusans
548 2124 670 2184 factum
683 2123 780 2184 etiam
795 2123 981 2185 tenuissimo
999 2125 1110 2202 cuique
1128 2131 1159 2186 et
1177 2126 1293 2202 ignoto.

293 2232 401 2292 Unum
421 2229 481 2290 hoc
499 2230 591 2289 modo
606 2247 708 2306 neque
721 2235 884 2307 praeterea
897 2229 1064 2308 quicquam
1078 2236 1222 2291 notatum
1236 2237 1294 2307 est,

292 2335 328 2395 in
340 2355 403 2414 quo
413 2333 588 2396 exseruisse
600 2335 649 2395 ius
659 2334 848 2395 tribuniciae
862 2335 1028 2413 potestatis
1039 2336 1127 2396 visus
1141 2336 1201 2396 sit:
1223 2355 1294 2397 cum

248 2457 278 2504 ao
293 2440 376 2501 circa
402 2439 524 2501 scholas
549 2446 581 2500 et
604 2439 762 2501 auditoria
788 2440 1001 2519 professorum
1028 2441 1173 2502 assiduus
1201 2447 1294 2518 esset,

292 2551 378 2607 moto
396 2545 479 2606 inter
499 2545 728 2623 antisophistas
747 2546 889 2621 graviore
908 2545 1019 2623 iurgio,
1036 2565 1100 2606 non
1118 2546 1221 2607 defuit
1240 2548 1295 2624 qui

220 1639 222 1644 ’
291 1666 491 1716 assumere·

293 2668 366 2712 eum
378 2650 639 2711 intervenientem
655 2657 688 2710 et
702 2651 793 2727 quasi
808 2650 1029 2711 studiosiorem
1047 2651 1147 2729 partis
1163 2651 1294 2713 alterius

292 2756 433 2817 convicio
460 2756 636 2817 incesseret.
687 2755 811 2816 Sensim
836 2757 944 2834 itaque
971 2775 1130 2833 regressus
1157 2757 1293 2835 domum,

97 2919 106 2926 .
223 2907 229 2912 -
292 2867 420 2941 repente
439 2881 510 2921 cum
528 2861 761 2939 apparitoribus
779 2861 898 2940 prodiit
916 2862 1108 2939 citatumque
1125 2881 1182 2940 pro
1198 2861 1296 2923 tribu·

247 2984 277 3030 ao
291 2966 357 3028 nali
371 2985 446 3027 voce
459 2966 622 3046 praeconis
636 2967 877 3027 conviciatorem
891 2967 959 3045 rapi
973 2966 1066 3028 iussit
1080 2966 1114 3026 in
1130 2985 1293 3028 carcerem

333 3071 493 3151 Comperit
506 3072 620 3133 deinde
630 3072 745 3133 Iuliam
756 3091 885 3133 uxorem
896 3073 935 3133 ob
945 3071 1094 3133 libidines
1105 3078 1199 3150 atque
1209 3071 1296 3132 adul-
1364 3053 1370 3064 ⁶

517 3177 597 3239 teria
611 3178 800 3253 damnatam,
815 3178 1042 3257 repudiumque
1056 3177 1086 3236 ei
1102 3196 1158 3237 suo
1168 3176 1294 3238 nomine

291 3260 470 3392 {mmm
518 3302 557 3343 ex
575 3284 763 3345 auctoritate
780 3285 918 3360 Augusti
936 3283 1115 3359 remissum3
1138 3288 1171 3343 et
1189 3302 1296 3361 quarn·

519 3408 610 3466 quam
644 3388 745 3451 laetus
776 3390 896 3466 nuntio,
923 3395 1030 3450 tamen
1064 3388 1157 3448 officii
1191 3389 1294 3465 duxit,

247 3498 447 3571 acquantum
468 3493 502 3553 in
521 3514 554 3556 se
568 3501 660 3572 esset,
680 3516 808 3557 exorare
826 3497 911 3558 filiae
932 3503 1053 3574 patrem
1074 3495 1294 3574 frequentibus

292 3597 410 3661 litteris
423 3605 456 3660 et
469 3600 521 3661 vel
535 3607 703 3680 utcumque
722 3603 861 3679 meritae,
877 3602 1032 3681 quidquid
1047 3621 1193 3681 umquam
1213 3602 1295 3661 dono

293 3703 441 3781 dedisset,
456 3706 632 3767 concedere.
675 3708 847 3769 Transaoto
864 3714 970 3769 autern
987 3707 1176 3768 tribuniciae
1195 3712 1296 3785 potes-
