2984 4359
529 268 641 318 arasa
663 268 712 318 vr.
766 268 873 320 uaso.
1137 255 1203 322 127

204 438 333 501 tiatione
353 438 445 519 impii
466 445 499 500 et
518 439 662 500 scelerati
682 458 757 500 voce
776 439 938 518 praeconis
959 445 1204 517 summoventur,

204 547 352 607 interesse
368 563 432 605 non
450 562 545 605 ausus
563 550 618 605 est.

241 650 352 710 Iunxit
365 649 535 728 parricidio
551 649 661 710 matris
678 649 793 711 amitae
807 669 922 711 necem.
965 650 1066 723 Quam
1079 670 1149 712 cum
1164 670 1204 712 ex

202 756 315 816 duritie
330 755 395 815 alvi
409 755 575 815 cubantem
588 754 740 830 visitaret,
756 760 788 814 et
802 754 860 816 illa
872 761 1010 816 tractans
1024 755 1202 834 lanuginem

201 862 276 938 eius,
290 866 327 921 ut
340 860 466 935 assolet,
480 860 543 920 iam
559 858 685 936 grandis
698 865 778 919 natu
792 879 847 938 per
860 855 979 920 blandi·
1218 879 1234 926 s

201 967 261 1027 tias
271 968 355 1027 forte
369 965 521 1026 dixisset:
542 966 644 1025 Simul
654 968 731 1024 hunc
744 970 979 1041 exceperam
1003 941 1190 1076 ruffi&

201 1074 283 1133 volo:
316 1090 483 1132 conversus
510 1071 552 1131 ad
579 1069 738 1149 proximos
766 1074 922 1147 confestim
948 1091 979 1132 se

200 1182 374 1255 posituram
401 1176 490 1237 velut
512 1174 646 1236 irridens
674 1174 728 1251 ait,
758 1175 977 1255 praecepitque
1009 1177 1139 1239 medicis
1166 1184 1203 1240 ut

200 1283 317 1360 largius
331 1287 503 1361 purgarent
513 1300 648 1357 aegram,
659 1280 793 1341 necdum
804 1281 971 1342 defunctae
981 1282 1064 1344 bona
1074 1283 1201 1360 invasit,
1271 1262 1276 1271 ⁸

200 1407 368 1468 suppresso
382 1392 582 1462 testamento,
597 1404 636 1446 ne
651 1386 728 1463 quid
742 1386 929 1447 abscederet.
1219 1402 1247 1447 1o

154 1502 186 1554 35
238 1497 364 1557 Uxores
374 1498 498 1572 praeter
509 1491 673 1553 Octaviam
684 1492 764 1552 duas
775 1497 884 1570 postea
894 1492 1002 1553 duxit:
1024 1495 1200 1573 Poppaeam

201 1600 356 1675 Sabinam,
371 1596 551 1676 quaestorio
564 1603 653 1676 patre
667 1604 774 1657 natam
791 1603 823 1657 et
839 1597 939 1675 equiti
953 1598 1097 1660 Romano
1109 1606 1202 1661 antea

198 1711 339 1784 nuptam,
351 1703 465 1764 deinde
482 1702 642 1763 Statiliam
656 1701 870 1778 Messalinam,
882 1702 979 1763 Tauri

199 1810 246 1871 bis
260 1808 400 1871 consulis
417 1827 453 1869 ae
469 1806 674 1886 triumphalis
692 1808 868 1886 abneptem.
910 1808 979 1879 Qua

199 1921 233 1975 ut
251 1920 423 1994 poteretur,
439 1913 540 1973 virum
558 1913 625 1973 eius
644 1912 787 1973 Atticum
804 1912 971 1974 Vestinum
990 1913 1150 1975 consulem
1168 1914 1202 1975 in
1219 1924 1247 1971 lo

198 2020 314 2080 honore
342 2019 412 2097 ipso
439 2017 619 2079 trucidavit.
672 2017 820 2078 Octaviae
851 2018 1109 2079 consuetudinem
1139 2019 1203 2080 cito

198 2130 394 2204 aspernatus,
429 2123 672 2202 corripientibus
709 2123 833 2184 amicis*
855 2126 985 2200 cuffiam
1019 2127 1065 2184 illi
1098 2128 1202 2186 debere

199 2230 362 2309 respondit
376 2233 485 2289 oacrio
499 2238 684 2289 ornamento.
729 2229 871 2289 Eandem
885 2248 959 2289 mox
975 2247 1068 2308 saepe
1082 2230 1203 2292 frustra

200 2334 394 2412 strangulare
422 2334 603 2409 meditatus,
628 2333 752 2395 dimisit
775 2339 812 2394 ut
836 2333 986 2411 sterilem,
1011 2335 1067 2396 sed
1091 2334 1202 2414 impio

198 2440 292 2524 bante
319 2439 492 2501 divortium
520 2439 636 2518 populo
663 2458 720 2500 nec
747 2446 896 2518 parcente
923 2438 1082 2516 conviciis,
1107 2441 1202 2502 etiam
1217 2457 1247 2504 ao

198 2545 360 2622 relegavit,
375 2544 510 2622 denique
525 2544 641 2610 occidit
658 2546 717 2606 sub
732 2544 864 2605 crimine
882 2544 1107 2605 adulteriorum
1125 2546 1202 2607 adeo

198 2650 364 2730 inpudenti
383 2649 537 2727 falsoque,
552 2650 634 2710 utin
651 2650 834 2727 quaestione
853 2651 1098 2728 pernegantibus
1114 2670 1202 2712 cuno
1292 2683 1294 2686 ·

197 2757 240 2818 tis
261 2756 430 2816 Anicetum
452 2756 666 2833 paedagogum
688 2775 780 2817 suum
800 2755 936 2816 indicem
955 2756 1132 2832 subiecerit,
1147 2757 1202 2835 qui

198 2861 271 2923 dolo
298 2866 474 2939 stupratam
499 2879 518 2920 a
542 2879 575 2921 se
600 2861 762 2921 fateretur.
804 2862 992 2940 Poppaeam,
1018 2862 1202 2922 duodecimo

198 2967 249 3027 die
264 2971 337 3045 post
354 2965 527 3026 divortium
549 2965 698 3027 Octaviae
719 2966 754 3026 in
774 2966 1011 3028 matrimonium
1031 2973 1201 3045 acceptam,
1216 2982 1246 3028 ae

198 3071 313 3132 dilexit
326 3071 434 3146 unice;
456 3076 489 3131 et
502 3077 609 3132 tamen
623 3071 725 3150 ipsam
740 3091 864 3150 quoque
882 3073 948 3133 ictu
964 3072 1060 3133 calcis
1078 3072 1201 3148 occidit,

199 3177 283 3255 quod
304 3195 338 3238 se
358 3196 397 3237 ex
418 3177 612 3254 aurigatione
633 3198 702 3239 sero
723 3198 883 3239 reversum
907 3179 1038 3255 gravida
1058 3183 1090 3238 et
1110 3197 1203 3254 aegra

199 3281 349 3343 conviciis
384 3281 562 3344 incesserat.
619 3285 670 3344 Ex
700 3283 759 3345 hac
794 3284 893 3345 filiam
928 3283 1004 3344 tulit
1038 3282 1202 3343 Claudiam

199 3387 385 3464 Augustam,
400 3389 568 3468 amisitque
583 3390 751 3452 admodum
767 3390 931 3451 infantem.

238 3493 372 3554 Nullum
385 3494 464 3555 adeo
477 3495 719 3557 necessitudinis
733 3515 832 3574 genus
846 3501 905 3571 est,
916 3494 1001 3573 quod
1011 3513 1074 3555 non
1089 3494 1203 3555 scelere
1219 3505 1249 3552 ³0

200 3598 376 3677 perculerit,
428 3599 601 3661 Antoniam
629 3600 742 3663 Claudi
770 3601 879 3675 filiam,
907 3605 1104 3662 recusantem
1131 3597 1204 3677 post

200 3704 362 3784 Poppaeae
376 3710 509 3765 mortem
522 3705 650 3784 nuptias
661 3724 743 3782 suas,
753 3705 845 3785 quasi
854 3703 1042 3766 molitricem
1051 3722 1203 3764 novarum

1001 1769 1139 1818 Hlsvim
