2984 4359
307 255 349 320 38
383 268 414 319 o.
439 266 595 319 surrom
616 267 846 330 namuurum
868 269 919 319 nn
940 269 1032 320 vrrs
1052 268 1258 320 cansarum

303 440 529 501 animadvertit
542 439 706 516 Augustus
720 440 756 499 in
772 459 809 501 eo
822 445 855 501 et
872 459 1021 502 excusare
1035 442 1205 520 temptavit
1219 460 1313 520 saepo

303 546 387 624 apud
409 552 551 606 senatum
574 564 611 607 ac
631 546 792 624 populum,
807 546 970 625 professus
989 552 1120 607 naturae
1139 547 1220 608 vitia
1232 566 1310 624 esse,

303 671 366 711 non
394 652 498 712 animi.
541 651 731 712 Valetudine
759 652 971 731 prosperrima
990 673 1066 714 usus
1090 659 1149 729 est,
1170 660 1311 732 tempore

304 756 432 835 quidem
451 757 646 836 principatus
665 776 763 835 paene
780 764 848 818 toto
866 777 963 838 prope
982 758 1110 834 inlaesa,
1127 760 1274 837 quamvis
1294 778 1313 819 a

271 861 463 923 ttrioesirno
490 863 603 924 aetatis
631 881 713 923 anno
740 863 896 924 arbitratu
922 882 990 924 eam
1020 883 1076 923 suo
1100 863 1217 924 rexerit
1243 864 1310 924 sine

303 967 484 1028 adiumento
504 967 674 1029 consiliove
693 969 891 1028 medicorum.

344 1072 436 1134 Circa
449 1073 523 1133 deos
540 1091 576 1133 ac
595 1073 764 1149 religiones
786 1073 1011 1151 neglegentior,
1026 1074 1145 1153 quippe
1164 1075 1311 1135 addictus
1324 1082 1361 1131 69

531 1179 771 1239 mathematicae
781 1179 955 1257 plenusque
966 1180 1188 1257 persuasionis,
1196 1185 1311 1241 cuncta

530 1284 599 1344 fato
612 1284 673 1362 agi.
723 1284 879 1345 Tonitrua
901 1290 1008 1344 tamen
1032 1286 1308 1363 praetermodum

259 1399 289 1445 10
304 1389 530 1467 expavescebat
544 1395 577 1449 et
590 1389 765 1449 turbatiore
784 1389 871 1449 caelo
889 1408 1062 1466 numquam
1081 1408 1144 1448 non
1163 1408 1310 1450 coronam

304 1491 442 1553 lauream
464 1494 567 1571 capite
589 1493 735 1570 gestavit,
751 1494 835 1570 quod
853 1493 989 1553 fulmine
1008 1493 1107 1554 afflari
1126 1500 1258 1571 negetur
1276 1495 1310 1555 id

303 1617 401 1675 genus
417 1599 547 1660 frondis.

343 1703 438 1763 Artes
457 1702 603 1766 liberales
622 1704 789 1781 utriusque
807 1704 931 1782 generis
951 1704 1182 1765 studiosissime
1201 1704 1308 1764 coluit.
1324 1712 1362 1764 70

529 1809 568 1868 In
581 1810 719 1869 oratione
731 1810 847 1869 Latina
857 1815 981 1870 secutus
991 1815 1039 1869 est
1048 1809 1219 1870 Corvinum
1228 1811 1311 1870 Mes·

529 1913 637 1989 salam,
659 1933 753 1991 quem
774 1932 880 1975 senem
904 1913 1088 1975 adulescens
1117 1915 1307 1974 observarat.

491 2065 495 2071 .
528 2019 591 2079 Sed
605 2019 804 2079 affectatione
816 2026 848 2078 et
858 2019 1040 2079 morositate
1054 2019 1154 2079 nimia
1168 2020 1311 2080 obscura

304 1241 476 1302 Superstition

308 1889 354 1936 His
364 1890 472 1948 literary

258 1938 288 1985 ¹⁵
309 1963 425 2024 putruit·

301 2126 356 2185 bat
370 2124 489 2199 stilum,
500 2129 536 2183 ut
550 2123 712 2202 aliquanto
727 2142 766 2183 ex
780 2130 843 2184 tem
847 2143 920 2202 pore
931 2143 1025 2201 quam
1037 2143 1056 2184 a
1066 2143 1140 2184 cura
1150 2130 1310 2202 praestan-

148 2247 152 2254 ·
185 2215 189 2222 ⁴
302 2230 364 2289 tior
378 2230 554 2289 haberetur.
597 2230 783 2307 Composuit
795 2235 829 2289 et
842 2248 966 2289 carmen
989 2229 1134 2307 lyricum,
1148 2228 1239 2289 cuius
1259 2237 1309 2289 est

301 2335 415 2395 titulus
434 2335 614 2410 Conquestio
627 2338 664 2394 de
677 2344 772 2394 morte
788 2337 826 2394 L.
844 2335 994 2395 Ooesoris.
1037 2334 1128 2394 Fecit
1141 2340 1174 2394 et
1188 2335 1310 2395 Graeca

257 2458 287 2504 ab
302 2446 446 2519 poemata
466 2439 611 2500 imitatus
632 2439 868 2517 Euphorionem
889 2445 922 2499 et
942 2431 1110 2499 Rhianum*
1125 2446 1158 2499 et
1178 2440 1308 2499 Parthe

301 2545 399 2620 nium,
411 2545 525 2622 quibus
540 2546 642 2623 poetis
657 2545 826 2604 admodum
840 2544 1024 2619 delectatus,
1036 2545 1156 2623 scripta
1166 2545 1308 2604 omniurn

301 2657 334 2711 a
354 2651 507 2727 imagines
535 2650 671 2729 publicis
699 2649 900 2710 bibliothecis
922 2648 1005 2710 inter
1025 2655 1147 2710 veteres
1169 2656 1201 2709 et
1221 2634 1325 2728 pras!

300 2756 409 2835 cipuos
427 2761 570 2816 auctores
589 2754 758 2829 dedicavit,
774 2760 805 2814 et
819 2755 858 2814 ob
872 2754 931 2814 hoc
949 2754 1092 2832 plerique
1111 2755 1306 2815 eruditorum

300 2861 444 2922 certatim
459 2862 499 2921 ad
514 2879 585 2919 eum
599 2860 700 2920 multa
714 2860 752 2918 de
767 2859 817 2919 his
832 2859 1006 2919 ediderunt.
1049 2859 1189 2919 Maxime
1200 2865 1307 2919 tamen

255 2966 422 3026 accuravit
443 2965 591 3026 notitiam
611 2963 763 3024 historiae
790 2963 944 3024 fabularis
972 2982 1072 3041 usque
1099 2964 1140 3024 ad
1168 2964 1306 3043 ineptias

300 3077 395 3149 atque
416 3071 571 3146 derisum;
601 3089 672 3129 nam
692 3075 724 3128 et
739 3068 968 3144 grammaticos,
983 3069 1068 3146 quod
1088 3087 1187 3144 genus
1208 3069 1307 3128 homi-

300 3196 374 3236 num
395 3175 572 3254 praecipue,
594 3181 630 3233 ut
658 3173 806 3249 diximus,
828 3172 1005 3251 appetebat,
1028 3172 1096 3233 eius
1123 3173 1210 3232 modi
1238 3174 1305 3234 iere

299 3280 535 3360 quaestionibus
564 3276 792 3356 experiebatur,
814 3296 892 3353 qrcoe
919 3286 1017 3337 muter
1043 3280 1196 3354 Hecubae,
1225 3283 1307 3355 quod

298 3387 412 3447 Aelu'lli
431 3404 540 3445 comeo
560 3387 640 3443 inter
658 3385 791 3459 uirgines
804 3386 925 3458 suisset,
941 3386 1015 3457 quid
1035 3382 1161 3443 Sirenes
1182 3393 1306 3445 cantore

253 3509 284 3555 30
299 3495 360 3550 sict
373 3493 479 3549 solitae
495 3491 510 3547 ἓ
549 3489 593 3548 Et
606 3505 669 3564 quo
683 3484 820 3564 primum
834 3485 886 3545 die
899 3492 972 3563 post
987 3504 1150 3547 excessum
1165 3486 1306 3564 Augusti

298 3594 416 3655 curiam
438 3591 579 3667 intravit,
595 3590 687 3669 quasi
700 3589 813 3667 pietati
828 3589 922 3649 simul
937 3608 972 3649 aa
986 3590 1134 3666 religioni
1148 3592 1227 3652 satis
1242 3593 1307 3653 fac

297 3707 398 3774 turus,
418 3695 538 3757 Minois
559 3693 711 3773 exemplo,
726 3697 796 3752 ture
816 3692 945 3770 quidem
965 3712 1001 3753 ao
1015 3692 1092 3754 vino
1104 3714 1214 3755 verum
1237 3697 1307 3757 sine
