2984 4359
294 278 359 343 102
396 291 426 342 c.
449 289 607 342 suarorn
626 289 855 352 rauranum
875 290 924 339 mr
944 289 1034 340 vrri
1054 287 1257 341 cansarum

163 451 176 470 ⁹
293 482 413 539 narum,
429 463 511 523 unde
526 462 639 524 solitus
654 468 737 524 esset
750 462 862 521 vinum
875 462 951 522 olim
971 462 1025 522 et'
1016 480 1086 540 rpse
1099 467 1214 540 petere
1254 466 1301 526 De

294 575 480 662 quaesturae
499 569 670 673 (Μῶν,
636 565 819 668 candidato
838 568 921 627 inter
941 586 1050 628 causas
1066 568 1300 644 suffragationis

294 679 368 736 suae
382 665 498 784 posuit,
509 649 589 751 q‘rioc
601 651 739 752 pdt'et‘
706 677 772 733 aas
783 676 937 751 stupidam
954 692 1044 750 coyro
1058 676 1118 733 sibi
1133 682 1301 753 tempestive

274 768 461 883 ᾃςᾷὑιθὲἰξζε
451 766 639 880 intucta
630 771 755 879 :teste
746 797 781 837 ιιι
805 785 925 854 senatu,
954 780 1041 838 Haec
1067 779 1172 859 inquit
1194 790 1301 845 matria

262 907 377 953 omeae
396 862 503 946 liberta
520 895 547 945 et
553 860 705 945 crimme
716 888 791 960 fuit,
812 887 864 944 scd
881 903 927 943 me
944 893 1110 959 patronam
1127 907 1243 965 semper
1255 910 1301 949 cm

292 998 458 1068 istimacin
428 994 534 1053 tboc
553 996 620 1052 ideo
633 994 707 1066 diat,
723 994 803 1066 quod
821 994 946 1066 quidam
965 1001 1036 1051 sunt
1054 994 1179 1053 adbuc
1166 1014 1199 1054 m
1212 998 1300 1055 domo

293 1120 368 1176 mec,
383 1105 437 1177 qui
455 1120 501 1160 me
517 1108 683 1176 patronum
704 1118 765 1156 non
782 1106 900 1173 putant.
945 1097 1008 1157 Sed
1023 1105 1055 1159 et
1069 1118 1126 1176 pro
1139 1099 1299 1176 tribunali,

294 1206 493 1268 Ostiensibus
505 1204 655 1283 quiddam
670 1203 794 1281 publice
805 1203 977 1277 orantibus,
988 1221 1058 1262 cum
1072 1205 1299 1281 excanduisset,

293 1314 370 1371 nibil
390 1314 498 1371 tabere
518 1330 550 1370 se
570 1310 761 1370 vociferatus
784 1315 841 1382 est,
857 1327 951 1383 quare
975 1327 1024 1367 eos
1045 1312 1252 1385 deawreatur,·
1272 1316 1301 1369 si

248 1430 278 1475 10
293 1437 379 1493 quem
400 1420 505 1492 ctiam,
521 1426 548 1476 et
568 1435 599 1475 se
619 1418 747 1474 liberam
768 1433 838 1473 esse.
882 1413 966 1473 Nam
987 1413 1045 1473 illa
1060 1414 1129 1475 eius
1143 1403 1302 1476 cotidiana

293 1529 325 1583 et
345 1522 438 1601 plane
458 1522 596 1582 omnium
616 1521 762 1580 hararum
783 1524 816 1578 ct
835 1524 1061 1578 momentorum
1080 1526 1186 1580 erant:
1211 1521 1299 1596 Quid,

293 1648 345 1707 epo
359 1631 415 1688 riti
433 1630 606 1706 Teleqeniaa
620 1627 753 1685 videor?
772 1630 805 1683 et
819 1629 916 1699 Λόλει,
930 1627 975 1684 καὶ
989 1627 1029 1702 μὴ
1045 1625 1176 1706 θίγγανεὲ
1192 1624 1302 1686 multa·
1407 1651 1410 1655 ·

294 1753 354 1811 que
368 1734 447 1794 talia
460 1732 555 1792 etiam
573 1730 708 1810 privatis
722 1730 886 1804 deformia,
902 1729 1018 1788 nedum
1039 1730 1185 1808 principi,
1200 1750 1300 1808 neque

294 1839 465 1900 infacundo
478 1856 580 1915 neque
595 1819 730 1911 indocto,
749 1836 845 1894 immo
859 1834 955 1895 etiam
974 1834 1177 1912 pertinaciter
1194 1835 1302 1896 libera·

249 1960 278 2005 lo
293 1944 377 2004 libus
393 1944 507 2005 studiis
522 1942 637 2002 dedito.

334 2049 512 2109 Historiam
532 2047 566 2106 in
584 2045 807 2118 adulescentia,
826 2045 972 2105 hortante
991 2045 1026 2104 T.
1043 2045 1144 2120 Livio,
1162 2045 1301 2124 Sulpicio
1314 2056 1346 2107 41

520 2171 593 2211 vero
606 2151 706 2211 Flavo
720 2151 817 2211 etiam
834 2150 1012 2225 adiuvante,
1030 2150 1165 2211 scribere
1180 2151 1302 2228 adgres
1357 2213 1360 2219 ,

520 2277 573 2318 sus
595 2262 652 2317 est
699 2257 742 2315 Et
767 2275 838 2315 cum
863 2255 999 2333 primum
1031 2256 1193 2333 frequenti
1218 2257 1301 2317 audi-

520 2363 601 2422 torio
612 2362 831 2436 commisisset,
840 2380 931 2437 aegre
944 2360 1086 2438 perlegit,
1098 2361 1301 2438 refrigeratus

248 2484 278 2530 ιο
295 2488 387 2547 saepe
402 2487 421 2528 a
435 2474 534 2528 semet
548 2468 626 2546 ipso.
668 2468 752 2526 Nam
771 2485 842 2525 cum
856 2466 950 2525 initio
966 2465 1170 2542 recitationis,
1186 2468 1302 2527 defrac-

294 2574 337 2634 tis
365 2572 578 2651 compluribus
603 2572 750 2633 subsellis
776 2569 928 2631 obesitate
955 2571 1127 2648 cuiusdam,
1148 2571 1231 2633 risus
1254 2591 1302 2632 ex-

295 2685 383 2739 ortus
399 2685 491 2753 esset,
510 2697 549 2738 ne
569 2678 678 2738 sedato
696 2677 824 2754 quidem
843 2676 983 2736 tumultu
998 2682 1174 2753 temperare
1188 2678 1301 2755 potuit,

295 2785 373 2864 quin
393 2803 433 2844 ex
452 2782 621 2843 intervallo
642 2782 775 2842 subinde
797 2782 878 2841 facti
901 2781 1156 2841 reminisceretur
1181 2783 1303 2843 cachin·
1325 2851 1329 2857 ,

295 2909 414 2969 nosque
444 2896 611 2950 revocaret.
668 2889 705 2947 In
740 2887 920 2965 principatu
953 2906 1077 2965 quoque
1111 2893 1143 2947 et
1176 2889 1303 2967 scripsit

249 2996 466 3075 utplurimum
494 3000 527 3054 et
554 2994 679 3054 assidue
707 2993 852 3051 recitavit
880 3010 936 3070 per
964 2992 1123 3052 lectorem.
1169 2994 1301 3054 Initium
1328 3060 1330 3065 ¹

295 3107 401 3162 autem
419 3099 555 3177 sumpsit
572 3099 721 3159 historiae
736 3103 808 3176 post
822 3098 948 3157 caedem
966 3099 1109 3158 Caesaris
1129 3098 1302 3173 dictatoris,

296 3207 349 3268 sed
377 3214 409 3266 et
432 3205 561 3266 transiit
584 3204 624 3264 ad
649 3203 800 3262 inferiora
826 3208 969 3280 tempora
993 3204 1158 3283 coepitque
1184 3223 1204 3265 a
1228 3222 1303 3283 pace

296 3312 408 3387 civili,
422 3331 492 3371 cum
526 3310 658 3372 sentiret
684 3327 786 3385 neque
814 3308 912 3368 libere
939 3328 1040 3387 neque
1056 3319 1143 3369 'vere
1174 3309 1236 3370 sibi
1265 3310 1304 3368 de

297 3417 509 3496 superioribus
543 3414 691 3474 tradendi
725 3419 915 3491 potestatem
951 3413 1104 3490 relictam,
1141 3420 1303 3493 correptus

251 3537 281 3581 ao
298 3541 389 3602 saepe
419 3528 451 3582 et
480 3541 499 3581 a
527 3529 627 3581 matre
657 3523 689 3578 et
716 3517 859 3578 abavia
913 3518 1032 3579 Prioris
1062 3519 1212 3581 materiae
1243 3521 1305 3580 duo

297 3627 467 3701 volumina,
503 3624 685 3703 posterioris
721 3642 818 3681 unum
852 3629 884 3682 et
918 3623 1128 3699 quadraginta
1164 3626 1302 3704 reliquit.

298 3730 482 3810 Composuit
504 3735 536 3788 et
558 3730 605 3787 De
627 3732 691 3786 vita
712 3747 770 3785 scic
792 3731 861 3786 cctc
881 3726 1051 3803 volumina,
1074 3730 1176 3807 magis
1198 3730 1305 3810 inepte

322 2235 457 2283 materiem

322 2311 407 2358 vorke
