2984 4359
443 310 554 362 urens
578 310 627 363 w.
678 311 707 363 e.
734 309 933 362 ommuni.
1058 265 1061 272 ¹
1146 292 1190 359 47

184 484 285 547 culum
308 490 341 544 et
361 484 396 542 in
417 482 591 560 proximam
611 482 773 543 civitatem
793 480 976 542 demandari
997 479 1191 540 animadver-

184 591 313 664 tissent;
335 595 411 648 tunc
430 590 555 648 demum
577 589 618 648 ad
639 586 867 666 paenitentiam
883 585 965 646 versi
987 604 1134 663 reprenso
1153 603 1190 645 ac

183 701 304 755 retento
318 694 472 768 vehiculo,
487 692 642 753 invidiam
656 711 735 770 quae
752 691 812 753 sibi
827 691 916 751 fieret
931 690 1088 769 deprecati
1105 695 1187 750 sunt.

138 813 171 864 10
183 801 357 861 Comitatus
372 805 422 860 est
435 805 557 877 patrem
578 804 611 858 et
633 797 763 877 Syriaca
783 796 991 875 expeditione.
1036 796 1131 857 Unde
1145 814 1190 855 re

182 924 289 966 versus
309 908 447 983 primum
461 904 495 963 in
509 903 629 978 matris,
645 902 759 963 deinde
773 921 811 962 ea
825 902 963 978 relegata
988 943 1033 990 111·
1044 944 1115 1003 mly
1204 912 1220 959 5

182 1010 214 1070 in
234 1009 345 1070 Liviae
359 1009 522 1085 Augustae
544 1008 689 1089 proaviae
710 1026 784 1067 suae
801 1008 962 1067 contuber-
987 1030 1064 1078 year·
1074 1020 1123 1065 mu

181 1115 233 1175 nio
257 1115 394 1191 mansit,
423 1133 517 1191 quam
539 1114 722 1174 defunctam
745 1119 962 1190 praetextatus
987 1095 1119 1141 ΜΨ

180 1208 275 1279 etiam
284 1224 362 1279 tunc
372 1237 429 1295 pro
441 1217 550 1278 rostris
562 1217 712 1276 laudavit.
750 1215 951 1295 Transiitque
962 1215 1004 1277 ad
1017 1217 1188 1278 Antoniam

181 1322 284 1382 aviam
300 1328 333 1381 et
352 1320 607 1381 undevicensimo
629 1319 744 1380 aetatis
765 1339 856 1394 anno,
871 1321 989 1381 accitus
1012 1322 1148 1400 Capreas
1170 1341 1189 1382 a

180 1426 315 1502 Tiberio,
330 1446 393 1486 uno
407 1433 502 1503 atque
521 1426 629 1486 eodem
650 1425 702 1485 die
722 1429 828 1502 togam
850 1426 985 1504 sumpsit
999 1427 1188 1505 barbamque
1205 1443 1231 1488 16

179 1532 294 1609 posuit,
314 1532 382 1592 sine
404 1530 471 1591 ullo
493 1531 610 1590 honore
635 1530 738 1607 qualis
761 1530 936 1607 contigerat
960 1531 1106 1591 tirocinio
1128 1534 1189 1592 fra·

179 1642 263 1696 trum
279 1636 357 1697 eius.
401 1636 463 1696 Hic
483 1636 628 1697 omnibus
649 1635 776 1696 insidiis
798 1642 972 1714 temptatus
994 1636 1187 1696 elicientium

179 1741 421 1819 cogentiumque
435 1760 468 1801 se
483 1741 523 1801 ad
538 1740 690 1818 querelas,
702 1740 823 1800 nullam
834 1760 983 1819 umquam
994 1743 1187 1802 occasionem

179 1847 275 1922 dedit,
291 1846 421 1924 perinde
436 1846 604 1906 obliterato
623 1865 749 1907 suorum
764 1865 839 1906 casu
853 1865 889 1906 ac
903 1847 931 1907 si
945 1846 1026 1906 nibil
1040 1846 1186 1925 cuiquam

179 1951 346 2012 accidisset
356 1973 372 2027 3-
387 1969 466 2028 quae
481 1969 555 2011 vero
575 1951 642 2027 ipsc
662 1957 831 2029 pateretur,
847 1950 1025 2012 incredibili
1043 1952 1187 2013 dissimu·
1204 1971 1232 2017 11

178 2056 296 2117 latione
310 2055 529 2116 transmittens
548 2055 693 2132 tantique
708 2056 740 2115 in
756 2075 849 2115 avum
869 2062 901 2115 et
921 2056 975 2134 qui
993 2056 1084 2117 iuxta
1098 2064 1187 2117 erant

178 2161 330 2238 obsequii,
345 2167 382 2220 ut
396 2180 459 2221 non
473 2160 631 2220 immerito
646 2161 688 2220 sit
702 2161 832 2236 dictum,
842 2180 895 2221 nec
904 2180 1022 2221 scuram
1035 2164 1186 2223 meliorem

134 2273 164 2322 11
179 2269 283 2342 cllum,
305 2286 359 2326 nec
381 2270 557 2325 deteriorem
578 2269 735 2326 dominum
751 2269 860 2342 fuisse.
902 2266 1057 2327 Naturam
1080 2272 1186 2328 tamen

180 2391 306 2432 saevam
320 2377 416 2449 atque
427 2372 608 2448 probrosam
619 2390 659 2430 ne
670 2377 747 2432 tunc
759 2371 886 2449 quidem
898 2371 1041 2431 inhibere
1052 2378 1184 2450 poterat,

180 2477 256 2554 quin
270 2482 303 2537 61
317 2477 640 2537 animadversionibus
655 2458 826 2554 poenisque
840 2477 881 2536 ad
896 2477 1087 2556 supplicium
1101 2479 1185 2538 dato
1201 2494 1231 2538 ao

180 2601 246 2641 rum
257 2581 461 2659 cupidissime
469 2583 646 2657 interesset,
657 2588 689 2641 et
698 2600 813 2658 ganeas
824 2587 919 2660 atque
928 2582 1084 2643 adulteria
1092 2583 1185 2662 capil-

180 2686 317 2747 lamento
326 2686 444 2747 celatus
456 2692 488 2747 et
498 2693 585 2747 veste
596 2686 690 2764 longa
700 2687 845 2747 noctibus
861 2688 970 2762 obiret,
980 2706 1015 2747 ac
1028 2689 1184 2749 scaenicas

181 2792 316 2853 saltandi
334 2793 527 2870 canendique
542 2799 626 2853 artes
642 2793 874 2854 studiosissime
889 2799 1067 2871 appeteret3
1090 2793 1184 2853 facile

181 2897 214 2957 id
238 2917 313 2958 sane
334 2897 462 2958 Tiberio
482 2898 631 2977 patiente,
652 2899 680 2959 si
701 2917 758 2977 per
777 2898 834 2958 has
857 2897 1056 2958 mansuefieri
1079 2904 1185 2976 posset

181 3002 282 3062 ferum
292 3003 361 3063 eius
371 3003 540 3079 ingenium.
569 3004 658 3074 Quod
668 3003 888 3080 sagacissimus
899 3022 994 3063 senex
1003 3003 1049 3063 ita
1057 3023 1184 3081 prorsus
1201 3022 1230 3067 11
1292 2996 1295 3002 ’

181 3114 390 3186 perspexerat,
413 3114 450 3168 ut
474 3109 664 3186 aliquotiens
689 3109 893 3187 praedicaret,
920 3109 1019 3168 exitio
1043 3128 1099 3169 suo
1124 3128 1186 3168 orn·

181 3214 328 3292 niumque
338 3214 454 3274 Gaium
465 3215 569 3274 vivere
584 3221 659 3274 etse
675 3215 826 3274 natricem
839 3213 1011 3293 [serpentis
1026 3214 1059 3273 id
1069 3215 1183 3295 genus]

181 3320 294 3396 populo
308 3321 454 3379 Romano
467 3318 696 3379 Phaethontem
714 3319 782 3378 orbi
797 3325 950 3379 terrarum
966 3319 1106 3379 educare.

218 3426 289 3485 Non
312 3425 360 3484 ita
383 3422 484 3482 multo
506 3429 577 3501 post
598 3423 722 3483 Iuniam
741 3423 929 3485 Claudillam
953 3426 997 3483 M.
1014 3423 1113 3484 Silani
1134 3444 1185 3482 no

133 3534 167 3585 12
180 3528 324 3591 bilissimi
335 3528 400 3588 viri
409 3526 508 3587 filiam
520 3529 613 3588 duxit
622 3548 760 3588 uxorem.
797 3529 918 3588 Deinde
928 3548 1027 3606 augur
1038 3530 1071 3588 in
1083 3529 1186 3588 locum
1202 3543 1231 3587 30

179 3635 283 3697 fratris
308 3634 359 3697 sui
380 3632 480 3693 Drusi
502 3633 687 3707 destinatus,
714 3633 801 3710 prius
826 3652 921 3711 quam
947 3634 1186 3710 inauguraretur

178 3741 217 3801 ad
232 3715 635 3820 pontificatumtraductus
653 3744 702 3798 est
720 3738 838 3815 insigni
860 3739 1043 3799 testimonio
1057 3737 1185 3816 pietatis
