2984 4359
448 269 560 320 amaa
583 270 633 320 1v.
685 270 714 321 c.
742 270 940 323 carresis.
1159 260 1200 325 67

183 440 344 516 regendos
358 439 486 499 navium
500 458 609 501 cursus
624 440 713 517 ignes
727 441 914 519 emicarent3
935 443 1200 522 pronuntiatoque

183 544 284 605 militi
308 545 459 605 donativo
476 544 616 606 centenis
631 545 755 605 viritim
774 547 921 622 denariis,
938 548 1028 625 qnasi
1046 568 1136 608 omne
1150 568 1200 609 ex·

183 651 331 729 emplum
345 650 546 710 liberalitatis
562 669 783 728 supergressus
795 653 893 728 Alite,
905 653 1018 730 inquit,
1030 656 1109 728 loeti,
1121 658 1199 714 obite

183 760 368 834 locupletes!
749 827 754 838 ‚

134 874 169 926 47
225 864 410 923 Conversus
433 862 508 922 hinc
530 862 571 922 ad
592 881 698 922 curam
723 862 887 941 triumphi,
912 869 1035 941 praeter
1057 864 1230 942 captivoss

184 987 222 1028 ac
235 969 426 1043 transfugas
444 967 592 1027 barbaros
612 966 789 1027 Galliarum
808 987 931 1045 quoque
946 968 1198 1046 procerissimum

185 1092 348 1151 quemque
362 1079 394 1133 et
409 1073 458 1152 (ut
473 1073 540 1151 ipse
560 1072 696 1154 dicebat)
709 1074 967 1151 ἀξισθριάμβευτον,

185 1198 223 1239 ac
237 1178 411 1239 nonnullos
422 1197 460 1238 ex
476 1177 671 1256 principibus
686 1177 764 1253 legit
778 1196 814 1237 ac
829 1178 969 1255 seposuit

186 1283 227 1344 ad
242 1302 402 1362 pompam,
418 1284 582 1360 coegitque
592 1302 656 1342 non
670 1288 794 1342 tantum
810 1283 940 1343 rutilare
955 1290 987 1342 et
1002 1285 1199 1345 summittere

186 1407 322 1463 comam,
344 1389 452 1448 sedet
474 1406 647 1448 sermonem
669 1388 891 1448 Germanicum
912 1388 1072 1448 addiscere
1094 1395 1126 1447 et
1148 1409 1199 1448 no
1216 1405 1256 1450 10·

187 1494 278 1553 mina
298 1493 459 1553 barbarica
480 1493 572 1552 ferre.
614 1492 780 1570 Praecepit
801 1493 896 1552 etiam
918 1493 1065 1568 triremis,
1083 1494 1198 1570 quibus

188 1597 357 1659 introierat
385 1598 552 1671 Oceanum,
582 1616 695 1672 magna
721 1616 761 1657 ex
788 1603 877 1675 parte
912 1597 1025 1657 itinere
1057 1599 1198 1658 terrestri

188 1704 327 1763 Romam
348 1702 470 1764 devehi.
513 1703 650 1780 Scripsit
666 1708 698 1762 et
719 1703 981 1780 procuratoribus,
1003 1703 1197 1781 triumphum

189 1813 380 1886 appararent
400 1826 493 1886 quam
512 1806 643 1867 minima
658 1826 787 1882 sumnia,
804 1809 858 1867 sed
874 1815 1010 1885 quantus
1028 1828 1197 1885 numquam

105 1895 108 1900 .
189 1913 272 1973 alins
302 1912 427 1987 fuisset,
455 1912 582 1990 quando
611 1912 645 1970 in
673 1912 813 1986 omnium
843 1912 1006 1972 hominnm
1040 1913 1121 1973 bona
1149 1913 1198 1974 ius
1216 1930 1244 1974 ro

190 2018 351 2078 haberent.

141 2128 177 2180 48
231 2122 422 2199 Priusquam
444 2122 607 2199 provincia
627 2122 800 2197 decederet,
814 2120 981 2182 consilium
1002 2122 1075 2182 iniit
1092 2125 1199 2184 nefan-

191 2228 249 2287 dae
273 2227 460 2302 atrocitatis,
487 2227 637 2303 legiones,
666 2245 745 2304 quae
772 2233 845 2304 post
872 2246 1033 2287 excessum
1061 2228 1198 2303 Augusti

192 2333 380 2394 seditionem
415 2332 489 2391 olim
524 2336 695 2406 moverant,
725 2332 972 2407 contrucidandi,

192 2439 275 2515 quod
300 2443 333 2497 et
355 2442 477 2515 patrem
502 2456 594 2497 suum
616 2436 839 2497 Germanicum
862 2437 973 2496 ducem
998 2433 1061 2481 Plan
1071 2437 1099 2482 1⁰
1108 2447 1176 2481 Μ·
1215 2454 1245 2499 ao

193 2549 280 2603 etse
305 2542 461 2601 infantem
485 2547 560 2601 tunc
585 2541 791 2615 obsedissent,
815 2542 931 2618 vixque
954 2561 973 2601 a
998 2509 1177 2630 25:233?

192 2653 257 2707 tam
271 2646 439 2726 praecipiti
449 2647 638 2722 cogitatione
652 2651 824 2721 revocatus,
836 2647 972 2706 inhiberi

194 2752 281 2813 nullo
309 2752 402 2812 modo
436 2751 540 2830 potuit
568 2751 645 2829 quin
680 2752 836 2811 decimare
865 2751 947 2811 velle
974 2759 1197 2829 perseveraret.

193 2859 328 2919 Vocatas
342 2857 449 2935 itaque
463 2858 504 2917 ad
517 2857 694 2917 contionem
709 2857 852 2932 inermes,
865 2862 959 2935 atque
974 2858 1068 2917 etiam
1084 2856 1199 2933 gladiis

194 2962 356 3041 depositis,
371 2962 515 3041 equitatu
529 2970 650 3023 armato
664 2962 879 3023 circumdedit.
917 2963 978 3022 Sed
993 2981 1063 3022 cum
1078 2963 1200 3023 videret
1216 2979 1245 3024 25

194 3073 341 3145 suspecta
365 3086 398 3127 re
420 3068 587 3147 plerosque
612 3068 710 3129 dilabi
735 3069 775 3129 ad
801 3067 987 3128 resumenda
1011 3068 1038 3127 si
1063 3068 1199 3145 quavis
1224 3134 1235 3142 ,

193 3173 282 3233 fieret
293 3192 390 3248 arma,
401 3174 543 3251 profugit
554 3174 730 3234 contionem
744 3174 974 3251 confestimque
988 3173 1097 3232 urbem
1108 3174 1199 3250 petit,

193 3279 316 3339 deflexa
341 3279 426 3338 omni
450 3280 621 3340 acerbitate
644 3280 678 3339 in
701 3286 854 3355 senatum,
877 3279 928 3338 cui
951 3279 991 3338 ad
1013 3278 1200 3340 avertendos

193 3390 353 3445 tantorum
369 3385 556 3446 dedecorum
577 3405 716 3446 rumores
730 3386 834 3464 palam
850 3384 1044 3457 minabatnr;
1067 3402 1200 3461 querens

193 3491 275 3551 inter
289 3497 396 3552 cetera
409 3490 590 3551 fraudatum
606 3509 639 3550 se
654 3491 737 3550 iusto
751 3489 921 3567 triumpho,
936 3509 1005 3549 cum
1021 3490 1088 3568 ipse
1107 3489 1201 3566 paulo
1217 3502 1246 3547 30

192 3604 274 3673 ante,
305 3615 346 3656 ne
374 3595 452 3673 quid
479 3596 519 3654 de
546 3594 716 3656 honoribus
744 3595 811 3656 suis
838 3601 991 3671 ageretur,
1020 3595 1114 3655 etiam
1143 3594 1201 3654 snb

145 3711 180 3761 49
194 3702 304 3764 mortis
333 3718 436 3778 poena
463 3699 687 3761 denuntiasset.
741 3699 858 3760 Aditus
886 3718 960 3776 ergo
981 3699 1018 3759 'in
1042 3699 1154 3759 itinere
1182 3716 1202 3757 a

998 1141 1044 1188 llis
1054 1142 1167 1202 triumph
1224 1177 1228 1187 .
