2984 4359
280 280 301 345 2
356 290 387 343 c.
410 290 566 343 suarem
588 289 817 353 msuonmm
839 291 889 341 nn
911 291 1002 342 vrrs
1024 292 1229 345 causacum

279 464 448 543 praecipua
467 481 713 539 commemorem,
728 463 853 541 Appius
871 464 988 524 Caecus
1009 465 1191 527 societatem
1211 486 1285 529 cum

279 589 351 647 rege
365 568 490 650 Pyrrho
498 575 534 629 ut
548 587 659 648 parum
675 568 831 629 salubrem
845 569 919 629 iniri
934 570 1094 632 dissuasit.
1133 572 1284 635 Claudius

280 728 476 775 mmmm
507 676 634 737 Caudex
650 675 773 753 primus
789 674 873 735 freto
892 675 992 737 classe
1010 678 1143 739 traiecto
1161 680 1284 741 Poenos

280 803 466 851 meminens·
507 782 617 843 Sicilia
637 781 767 860 expulit.
820 782 888 842 Tib.
904 784 990 843 Nero
1004 784 1225 845 advenientem
1244 804 1283 845 ex

249 876 439 999 cggfflffl'
505 888 665 966 Hispania
685 906 758 947 cum
779 887 960 964 ingentibus
981 889 1081 968 copiis
1104 891 1285 952 Hasdruba-

505 992 1283 1074 lem,priusquamAnnibalifratriconiungeretur,

281 1101 446 1180 oppressit
482 1100 600 1161 Contra
610 1099 762 1160 Claudius
773 1098 981 1176 RegillianuS,
993 1100 1150 1162 decemvir
1161 1101 1283 1177 legibus

281 1185 463 1282 scribendis,
482 1206 637 1283 virginem
662 1207 831 1284 ingenuam
855 1226 911 1284 per
932 1207 998 1266 vim
1018 1206 1162 1268 libidinis
1183 1208 1285 1284 gratia

280 1312 314 1372 in
329 1312 513 1373 servitutem
528 1330 665 1372 asserere
679 1317 819 1387 conatus,
834 1330 927 1372 causa
940 1312 1026 1390 plebi
1040 1312 1105 1372 fuit
1118 1313 1284 1373 secedendi

236 1435 266 1481 10
280 1437 388 1479 rursus
409 1438 429 1478 a
448 1417 598 1495 patribus.
642 1417 793 1478 Claudius
814 1418 947 1492 Drusus,
970 1423 1076 1478 statua
1097 1418 1157 1478 sibi
1182 1418 1285 1478 diade

281 1529 367 1584 mata
393 1523 433 1583 ad
461 1523 547 1601 Appi
574 1524 690 1582 Forum
724 1523 837 1601 posita,
872 1523 1001 1582 Italiam
1035 1542 1091 1600 per
1121 1523 1284 1584 clientelas

281 1647 432 1706 occupare
453 1623 631 1707 temptavit.
682 1627 832 1688 Claudius
860 1627 997 1688 Pulcher
1021 1629 1106 1707 apud
1134 1628 1284 1703 Siciliam,

281 1755 345 1794 non
358 1734 560 1812 pascentibus
575 1734 609 1792 in
623 1734 816 1811 auspicando
830 1733 928 1811 pullis
944 1753 981 1794 ac
998 1753 1054 1812 per
1069 1740 1285 1811 contemptum

281 1839 443 1915 religionis
470 1839 551 1900 mari
574 1838 735 1913 demersis,
758 1839 849 1915 quasi
873 1849 906 1898 ut
927 1842 1057 1899 biberent
1078 1843 1200 1915 qnando
1224 1859 1286 1898 esce

237 1958 265 2003 15
280 1948 399 2020 collect,
421 1944 575 2023 proelium
595 1944 706 2005 navale
726 1944 817 2020 iniit;
840 1951 1077 2021 superatusque,
1098 1964 1171 2005 cum
1190 1945 1287 2004 dicta·

281 2057 382 2110 torem
404 2051 506 2111 dicere
528 2071 547 2111 a
567 2056 679 2110 senatu
700 2050 869 2125 iuberetur,
892 2050 981 2109 velut
1005 2051 1119 2110 iterum
1146 2049 1286 2109 illudens

281 2156 457 2216 discrimini
471 2156 606 2234 publico,
622 2155 747 2217 Gliciam
763 2155 915 2215 viatorem
929 2175 1022 2215 suum
1038 2156 1129 2215 dixit.
1170 2167 1172 2169 ’

321 2262 459 2323 Exstant
473 2241 505 2321 et
519 2262 708 2321 feminarum
719 2261 863 2339 exempla
874 2261 998 2321 diversa
1012 2280 1119 2338 aeque,
1131 2261 1285 2338 siquidem

283 2368 385 2443 gentis
403 2367 543 2426 eiusdem
558 2373 691 2444 utraque
708 2366 842 2427 Claudia
859 2366 932 2442 fuit,
947 2371 980 2426 et
994 2385 1073 2444 quae
1088 2384 1199 2426 navem
1215 2384 1286 2425 cum

237 2486 267 2532 so
283 2472 380 2533 sacris
401 2472 514 2532 Matris
537 2472 630 2532 deum
653 2472 767 2532 Idaeae
794 2472 1014 2532 obhaerentem
1037 2472 1184 2531 Tiberino
1205 2472 1287 2531 vado

283 2578 431 2653 extraxit,
445 2583 572 2655 precata
588 2577 759 2654 propalam,
775 2587 808 2636 ot
825 2581 869 2637 itu
886 2581 1007 2637 demum
1021 2596 1052 2635 se
1066 2587 1244 2651 sequeretur,
1259 2581 1288 2635 si

283 2687 343 2743 sibi
371 2686 524 2758 pudicitia
551 2692 715 2756 cmmtoret;
747 2688 780 2742 et
808 2701 887 2759 quae
914 2701 996 2741 novo
1023 2700 1108 2741 more
1135 2682 1287 2742 iudicium
1400 2747 1403 2751 ⁴

283 2789 459 2849 maiestatis
473 2788 558 2865 apud
574 2787 726 2865 populum
745 2787 858 2846 mulier
872 2787 979 2861 subiit,
995 2788 1079 2864 quod
1098 2788 1133 2846 in
1146 2789 1289 2847 conferta

284 2893 489 2954 multitudine
506 2911 596 2968 aegre
617 2893 804 2970 procedente
821 2898 970 2971 carpento
990 2893 1095 2970 palam
1114 2898 1287 2970 optaverat,

209 3066 213 3074 ,
239 3015 268 3061 25
284 3010 317 3059 ct
332 3003 531 3075 fraternitas
555 3001 683 3058 Pulcher
706 3003 897 3058 reuiuesceret
919 3008 1006 3074 utque
1032 3003 1140 3058 iterum
1164 3001 1288 3058 classem

221 3135 229 3142 =
285 3109 440 3180 amitteret,
460 3124 518 3180 quo
534 3108 634 3164 minor
652 3107 741 3164 turbo
760 3106 878 3164 Romae
890 3107 980 3179 soret.
1022 3105 1289 3164 Praetereanota·

284 3210 442 3271 tissimum
454 3215 510 3285 est,
523 3208 671 3270 Claudios
682 3209 793 3285 omnis,
805 3215 935 3287 excepto
946 3211 1110 3269 dumtaxat
1120 3209 1155 3268 P.
1168 3209 1288 3283 clodio,

512 3314 567 3391 qui
581 3315 621 3374 ob
635 3315 858 3392 expellendum
874 3317 950 3375 urbe
968 3315 1148 3375 Ciceronem
1166 3313 1289 3392 plebeio

285 3401 411 3523 Mnus
511 3420 632 3479 bomini
659 3427 755 3498 atque
780 3421 876 3481 etiam
900 3426 979 3480 natu
1002 3419 1117 3479 minori
1140 3419 1174 3479 in
1198 3420 1290 3496 adop

241 3545 270 3590 30
285 3479 354 3536 sang
411 3487 456 3523 m
512 3526 631 3586 tionem
659 3545 692 3586 se
727 3527 824 3602 dedit,
856 3525 1023 3604 optimates
1058 3530 1289 3601 assertoresque

286 3634 395 3695 unicos
409 3633 575 3709 dignitatis
593 3652 628 3692 ao
643 3633 804 3710 potentiae
823 3631 1027 3709 patriciorum
1043 3648 1166 3707 semper
1179 3628 1289 3702 fuisse,

288 3747 382 3819 atque
399 3740 549 3799 adversus
567 3739 690 3817 plebem
711 3739 789 3798 adeo
805 3736 960 3796 violentos
981 3741 1013 3794 et
1030 3740 1239 3808 contumaces,
1255 3737 1292 3792 ut
