2984 4359
453 284 565 334 menn
588 283 636 335 rr.
691 283 722 335 c.
747 283 944 335 camenis.
1162 273 1204 337 53

195 459 332 517 Dareum
346 475 479 535 puerum
492 474 532 515 ex
546 455 735 516 Parthorum
750 455 923 531 obsidibus,
934 456 1105 517 eomitante
1120 477 1206 536 prae·

195 562 388 622 torianorum
402 560 528 637 agmine
543 566 574 620 et
589 561 623 620 in
637 561 757 621 essedis
770 560 897 621 cohorte
912 561 1091 622 amicorum.
1134 564 1206 624 Scio

196 667 360 746 plerosque
374 666 582 741 existimasse,
597 665 695 727 talem
710 685 730 750 a
747 666 827 727 Gaio
842 671 970 744 pontem
993 667 1204 745 excogitatum

195 772 404 832 aemulatione
421 771 547 847 Xerxis,
562 771 619 850 qui
637 790 700 831 non
721 772 790 832 sine
810 771 1019 833 admiratione
1041 773 1205 852 aliquanto

195 878 407 954 angustiorem
421 877 666 955 Hellespontum
683 877 948 953 contabulaverit3
972 878 1112 954 alios,·ut
1131 882 1235 940 Ger-5

195 983 333 1043 maniam
358 987 390 1042 et
414 982 622 1058 Britanniam,
645 982 759 1059 quibus
785 982 978 1058 imminebat,
1002 983 1135 1045 alicuius
1160 986 1205 1045 in-

194 1089 294 1148 mensi
306 1088 410 1166 operis
421 1088 509 1148 fama
519 1088 686 1148 territaret.
723 1087 785 1148 Sed
796 1106 888 1148 avum
905 1107 1009 1149 meum
1024 1095 1204 1150 narrantem

194 1213 271 1272 puer
300 1193 474 1269 audiebam,
503 1212 628 1253 causam
662 1192 765 1270 operis
794 1193 834 1253 ab
863 1194 1064 1254 interioribus
1092 1194 1203 1256 aulicis

194 1299 361 1376 proditam,
378 1298 462 1374 quod
477 1298 665 1378 Thrasyllus
677 1300 919 1360 mathematicus
930 1299 1024 1359 anxio
1036 1299 1074 1357 de
1086 1316 1203 1358 sucees-

196 1423 264 1464 sore
288 1403 415 1462 Tiberio
437 1408 470 1461 ot
491 1402 526 1461 in
547 1419 656 1460 verum
677 1406 824 1478 nepotem
846 1401 986 1479 proniori
1008 1401 1202 1477 affirmasset,
1221 1416 1250 1461 10

194 1528 255 1568 non
270 1511 369 1585 magio
386 1508 501 1568 Gaium
515 1511 735 1583 imperatarum
751 1525 843 1582 quom
852 1525 911 1581 per
925 1508 1082 1566 Baianum
1102 1511 1203 1567 einum

195 1617 279 1690 equis
292 1616 508 1672 discriminet.

147 1734 182 1786 20
234 1718 348 1777 Edidit
360 1724 393 1777 et
411 1735 540 1796 peregre
559 1716 747 1796 spectacula,
763 1717 797 1775 in
815 1716 924 1777 Sicilia
945 1716 1111 1795 Syracusis
1132 1721 1204 1779 asti-

194 1843 246 1883 cos
262 1823 362 1898 ludos,
378 1830 409 1882 et
428 1823 462 1881 in
480 1821 586 1882 Gallia
607 1822 776 1898 Luguduni
794 1822 968 1898 miscellos;
995 1823 1050 1883 sed
1070 1823 1122 1883 hic
1143 1842 1205 1884 cer·

195 1935 301 1987 tamen
313 1946 437 2006 quoque
448 1928 586 1988 Graecae
595 1927 790 2005 Latinaeque
801 1927 977 2003 facundiae,
1004 1970 1097 2018 eme,
1107 1973 1156 2018 ano
1221 1945 1249 1990 lo

196 2053 257 2111 quo
289 2034 461 2094 certamine
495 2034 603 2093 ferunt
631 2032 803 2092 victoribus
838 2034 978 2110 praemia
1004 2047 1156 2093 contortum

196 2139 297 2198 victos
323 2138 502 2214 contulisse,
524 2138 694 2198 eorundem
715 2144 747 2198 et
768 2137 878 2199 laudes
899 2156 979 2198 com·
1004 2118 1101 2181 ΜΨ
1111 2121 1186 2168 “¹³⁸⁸

196 2242 310 2322 ponere
331 2249 473 2320 coactos3
502 2262 555 2303 eos
578 2250 692 2318 autem,
714 2243 770 2321 qui
795 2244 932 2304 maxime
957 2244 1203 2322 displicuissent,

196 2349 315 2427 scripta
335 2368 392 2410 sua
412 2367 550 2427 spongea
574 2348 722 2425 linguave
747 2348 852 2409 delere
874 2349 986 2425 iussos,
1007 2349 1071 2411 nisi
1091 2350 1203 2410 ferulis

195 2453 354 2529 obiurgari
369 2460 424 2515 aut
437 2453 566 2514 flumine
581 2453 724 2532 proximo
739 2454 838 2530 mergi
853 2454 1045 2515 maluissent.
1220 2473 1249 2517 ao

147 2579 182 2629 21
236 2560 339 2638 Opera
371 2559 428 2619 sub
461 2559 587 2620 Tiberio
619 2559 848 2638 semiperfecta,
877 2560 1031 2639 templum
1066 2561 1204 2637 Augusti

196 2665 416 2743 theatrumque
438 2665 580 2743 Pompei,
602 2664 746 2725 absolvit.
790 2664 958 2725 Incohavit
979 2673 1083 2726 autem
1105 2685 1204 2744 aquae

196 2772 324 2830 ductum
349 2771 475 2846 regione
500 2770 625 2830 Tiburti
650 2776 681 2830 et
709 2770 977 2848 amphitheatrum
1003 2832 1078 2880 Publi
1153 2834 1186 2880 ks

196 2877 285 2936 iuxta
306 2876 431 2955 Saepta,
453 2896 585 2954 quorum
607 2895 734 2954 operum
761 2895 780 2937 a
801 2894 977 2936 successore
1050 2940 1055 2948 ,
1078 2844 1154 2881 ”⁷⁰¹

195 2982 262 3041 eius
291 2981 425 3041 Claudio
452 2982 586 3042 alterum
614 2989 785 3060 peractum,
808 2981 958 3041 omissum
984 2981 1116 3042 alterum
1145 2988 1202 3042 est.
1219 2999 1249 3045 2⁶

195 3088 359 3167 Syracusis
386 3088 536 3166 conlapsa
560 3094 716 3149 vetustate
741 3089 865 3148 moenia
893 3088 1082 3165 deorumque
1110 3087 1203 3149 aedes

194 3193 340 3254 refectae.
383 3194 606 3254 Destinaverat
628 3199 660 3254 et
682 3195 768 3254 Sarni
785 3193 963 3272 Polycratis
983 3193 1100 3270 regiam
1115 3192 1204 3252 resti·

193 3305 293 3376 tuere,
305 3300 412 3361 Mileti
426 3301 618 3380 Didymeum
634 3320 790 3379 peragere,
805 3300 840 3360 in
854 3301 927 3377 iugo
943 3297 1074 3377 Alpium
1093 3298 1201 3357 urbem

194 3407 335 3482 condere,
354 3406 411 3467 sed
432 3412 505 3465 ante
526 3406 631 3466 omnia
652 3407 811 3467 Isthmum
831 3406 865 3464 in
886 3405 1008 3466 Achaia
1028 3403 1202 3483 perfodere,

194 3513 385 3590 miseratque
417 3511 480 3571 iam
514 3511 554 3571 ad
589 3511 817 3571 dimetiendum
851 3529 929 3588 opus
964 3510 1201 3589 primipilarem.
1219 3527 1249 3572 ao

146 3622 180 3673 22
194 3618 357 3678 Hactenus
373 3616 465 3694 quasi
480 3617 519 3675 de
538 3616 697 3693 principe,
719 3615 842 3693 reliqua
861 3619 898 3675 ut
913 3616 952 3676 de
974 3620 1113 3677 monstro
1135 3634 1204 3675 nar-

193 3723 291 3783 randa
305 3727 390 3782 sunt.
452 3763 455 3770 -
