2984 4359
531 272 642 324 amna
666 273 714 323 vn
769 272 875 324 nana.
1141 258 1204 323 131

213 443 390 505 carminibus
407 443 607 516 lacessissent
618 444 788 505 exstitisse.
831 444 935 505 Multa
948 445 1067 506 Graece
1081 442 1205 504 Latine

213 566 265 623 que
277 548 451 627 proscripta
464 555 519 609 aut
534 549 663 626 vulgata
677 556 760 625 sunt,
776 550 858 610 sieut
872 549 946 610 illa:
1129 543 1131 548 ’

361 710 460 789 Νέρων
473 709 611 789 Ὀρέστης
625 709 772 787 Ἀλκμέων
785 711 982 790 μητροκτόνος.

359 865 530 942 Nadiandos
543 866 643 943 Νέρων
657 865 726 926 ἰδίαν
738 866 846 944 μητέρα
860 865 1007 928 ἀπέκτεινε.

285 1019 358 1093 Quis
371 1029 460 1097 ueqat
473 1020 594 1079 Aeneae
608 1039 722 1096 manna
735 1022 771 1079 de
786 1023 876 1095 stirpe
891 1022 1043 1079 Neronem
1057 1021 1072 1079 l
1218 1028 1233 1073 a

320 1125 450 1183 Sustulit
464 1127 513 1183 bic
526 1133 661 1198 matrem,
677 1126 798 1182 sustulit
812 1125 861 1183 ille
870 1132 999 1199 putrem.

281 1279 364 1338 Dum
378 1282 473 1338 tendit
487 1282 635 1338 citlraram
649 1287 756 1354 noster,
772 1282 845 1339 cium
859 1298 974 1338 cornua
987 1280 1132 1353 Parthus,

321 1386 433 1443 Noster
446 1388 502 1444 erit
516 1385 633 1458 Paean,
648 1386 698 1443 ille
712 1385 937 1444 Hecatebeletes.

280 1541 382 1600 Roma
396 1542 585 1616 domusfiet:
621 1541 709 1601 Veios
722 1542 858 1617 miqrate,
878 1539 1019 1614 Quirites,
1072 1614 1074 1617 y

321 1646 359 1710 di
371 1664 433 1702 uon
448 1653 475 1703 et
491 1646 579 1706 Veios
593 1653 716 1720 occupat
731 1648 790 1704 ista
803 1647 918 1704 domus.
1220 1655 1249 1701 10

203 1806 262 1865 Sed
288 1823 390 1881 neque
414 1810 555 1865 auctores
584 1804 728 1882 requisiit
756 1810 788 1864 et
815 1805 964 1882 quosdam
991 1824 1047 1884 per
1068 1805 1203 1866 indicem

201 1910 319 1969 delatos
346 1910 388 1969 ad
416 1915 559 1969 senatum
595 1909 687 1969 adfici
723 1910 865 1987 graviore
901 1928 1001 1987 poena
1031 1910 1200 1988 prohibuit.

201 2016 426 2075 Transeuntem
441 2033 512 2073 eum
531 2014 673 2074 Isidorus
688 2014 825 2092 Cynicus
840 2014 874 2072 in
888 2014 1015 2091 publico
1029 2014 1113 2075 clara
1128 2034 1202 2075 voce

200 2119 400 2197 corripuerat,
422 2122 502 2195 quod
522 2121 641 2194 Naupli
660 2121 744 2178 mala
765 2121 835 2178 bene
858 2123 1022 2195 cantitaret,
1046 2140 1103 2179 suo
1125 2123 1202 2182 bona

201 2227 276 2284 uate
289 2227 481 2300 disponeret;
510 2228 542 2283 et
556 2224 658 2283 Datus
672 2222 890 2283 Atellanarum
906 2224 1019 2284 histrio
1034 2224 1066 2283 in
1081 2226 1203 2285 cantico
1219 2241 1247 2286 15

201 2330 332 2406 quodam
347 2328 465 2410 Ὑγίαινε
483 2332 581 2408 πάτερ,
598 2331 701 2409 ὑγίωνε
720 2330 826 2407 μῆτερῐ
857 2328 903 2388 ita
924 2328 1201 2405 demonstraverat,

199 2440 234 2493 ut
248 2434 407 2494 bibentem
425 2439 650 2510 natantemque
667 2432 794 2508 faceret,
811 2433 928 2493 exitum
951 2433 1072 2495 scilieet
1089 2435 1202 2495 Claudi

199 2539 454 2617 Agrippinaeque
469 2536 659 2614 significans,
674 2544 707 2597 et
721 2537 755 2597 in
770 2538 942 2599 novissima
953 2539 1095 2599 clausula
1109 2540 1202 2601 Oreus

199 2647 281 2704 robis
299 2647 381 2703 ducit
394 2647 487 2720 pedes
506 2649 649 2703 senatum
669 2650 761 2719 gestu
782 2650 915 2704 notarat.
958 2644 1155 2704 Histrionem
1170 2652 1202 2705 et

198 2749 421 2827 philosophum
448 2750 534 2808 Nero
561 2747 642 2807 nihil
668 2749 804 2827 amplius
828 2768 922 2826 quam
944 2750 1020 2809 urbe
1044 2749 1201 2827 Italiaque
1218 2761 1247 2806 ao

199 2854 378 2930 summovit,
394 2854 443 2914 vel
459 2860 641 2932 contemptu
656 2854 758 2914 omnis
778 2854 927 2914 infamiae
943 2854 992 2913 vel
1013 2873 1052 2914 ne
1071 2854 1202 2915 fatendo

198 2960 336 3020 dolorem
350 2959 490 3020 irritaret
505 2958 639 3035 ingenia,

148 3073 184 3125 40
237 3066 346 3125 Talem
373 3065 548 3144 prinoipem
575 3064 670 3144 paulo
696 3065 801 3126 minus
830 3064 1077 3143 quattuordecim
1103 3083 1201 3126 annos

196 3190 363 3249 perpessus
389 3178 542 3232 terrarum
563 3171 648 3230 orbis
669 3172 797 3231 tandem
819 3170 973 3244 destituit,
1001 3204 1171 3265 upasmgleo

196 3277 323 3336 initium
349 3276 538 3336 iacientibus
560 3275 672 3350 Gallis,
694 3275 773 3336 duee
794 3275 878 3335 Iulio
900 3274 974 3335 Vin·
1000 3278 1178 3339 byvlnaexnr
1217 3289 1246 3334 aa

197 3383 273 3459 diae,
289 3382 345 3461 qui
362 3388 429 3442 turn
450 3401 519 3442 eam
538 3382 729 3460 provinciam
753 3387 972 3461 propraetore
1000 3352 1065 3401 ⁰⁸⁰¹

195 3488 366 3549 obtinebat.
1146 3545 1150 3554 .

235 3592 438 3654 Praedictum
458 3610 477 3651 a
495 3591 726 3662 mathematicis
747 3590 867 3652 Neroni
886 3590 962 3650 olim
980 3596 1056 3666 erat,
1072 3592 1149 3666 iore,
1165 3597 1200 3651 ut

196 3700 385 3778 quandoque
399 3695 639 3771 destitueretur,
661 3696 744 3755 unde
759 3696 816 3755 illa
826 3715 886 3755 vox
901 3695 969 3755 eius
979 3695 1197 3756 celeberrima:
