2984 4359
483 284 593 333 crans
616 283 669 335 m.
720 282 902 335 Tumulus.
1154 268 1195 331 41

194 455 293 532 prima
321 473 454 532 vespera
480 459 576 532 atque
608 454 642 514 in
673 454 807 515 multam
838 459 960 514 noctem
994 452 1196 531 pertinaciter

193 558 281 619 luxit.

138 678 176 730 '15
230 666 334 725 Morte
349 665 416 725 aius
432 664 478 725 ita
491 665 627 726 laetatus
642 670 691 726 est
706 666 850 744 populus,
864 671 901 724 ut
915 664 956 724 ad
969 663 1105 742 primum
1120 682 1198 722 nun·

190 772 270 832 tium
292 772 506 833 discurrentes
530 790 613 850 pars,
640 773 794 830 Tiberium
820 775 850 829 iu
877 769 1028 829 Tiberim!
1059 767 1198 828 clamita·

192 881 271 950 rent,
294 893 369 953 pars
391 876 520 934 Terram
541 880 673 935 matrem
695 875 831 952 deosque
859 875 970 934 Manes
996 895 1102 967 oeneru
1112 892 1227 979 reare-⁶

191 984 327 1055 orarent,
351 999 389 1039 ae
413 988 531 1039 mortuo
555 983 654 1040 sedem
682 982 777 1039 ullam
804 983 866 1038 arisi
893 983 971 1038 inter
996 992 1197 1053 ngatnowsof

191 1088 302 1161 impios
315 1087 431 1159 dorent,
446 1082 502 1144 alii
516 1103 631 1144 uncum
646 1089 677 1144 et
692 1083 862 1144 Gemonias
883 1084 971 1144 oada-

190 1189 258 1249 veri
279 1189 486 1263 minarentur,
508 1189 685 1249 exacerbati
713 1207 806 1267 super
833 1183 1015 1249 memoriam
1044 1188 1196 1266 pristinae

996 1069 1037 1115 his
1048 1069 1124 1115 death

190 1294 389 1354 crudelitatis
406 1293 502 1354 etiam
517 1294 635 1354 recenti
656 1294 828 1354 atrocitate.
871 1295 954 1353 Nam
976 1313 1045 1353 curn
1069 1300 1195 1354 senatus

189 1398 336 1459 consulto
350 1404 477 1459 cautum
491 1406 574 1459 esset
588 1406 624 1459 ut
639 1419 739 1477 poena
753 1399 971 1459 damnatorum
985 1399 1019 1458 in
1041 1400 1195 1459 decimum
1213 1413 1241 1458 10

190 1523 315 1583 semper
328 1504 413 1564 diem
429 1504 617 1580 differretur,
633 1505 716 1564 forte
730 1504 846 1564 accidit
861 1509 897 1564 ut
911 1504 1107 1582 quorundam
1128 1524 1198 1583 sup

190 1609 280 1687 plicii
294 1610 362 1669 dies
377 1609 405 1670 is
420 1615 511 1685 esset,
527 1629 590 1687 quo
603 1610 784 1670 nuntiatum
802 1610 840 1670 de
862 1608 988 1669 Tiberio
1009 1614 1085 1669 erat.
1129 1611 1197 1670 Hos

189 1714 393 1792 implorantis
415 1715 576 1774 hominum
601 1714 705 1790 fidem,
728 1715 803 1792 quia
830 1715 958 1775 absente
987 1715 1089 1775 adhuc
1117 1715 1197 1776 Gaio

190 1838 284 1879 nemo
296 1817 442 1877 exstabat
464 1816 517 1893 qui
539 1817 619 1876 adiri
642 1816 900 1894 interpellarique
917 1823 1031 1894 posset,
1042 1820 1197 1894 custodes,

190 1924 328 2002 nequid
349 1924 500 1984 adversus
521 1924 728 1984 constitutum
750 1924 900 1999 facerent,
922 1925 1197 2000 strangulaverunt
1215 1934 1243 1981 lo

190 2029 435 2106 abiecerrmtque
451 2028 484 2087 in
499 2028 676 2089 Gemonias.
720 2028 829 2090 Crevit
844 2028 941 2104 igitur
963 2028 1092 2105 invidia,
1108 2030 1197 2111 quasi

191 2136 288 2195 etiarn
299 2139 518 2213 postmortem
532 2134 661 2213 tyranni
676 2134 810 2194 saevitia
823 2140 1034 2212 permanente.
1077 2136 1197 2213 Corpus

191 2246 227 2300 ut
240 2239 361 2300 moveri
375 2239 528 2299 aMiseuo
544 2239 656 2317 coepit,
671 2239 937 2300 conclamantibus
952 2240 1110 2318 plerisque
1119 2241 1199 2300 Aac

192 2350 254 2406 lom
262 2348 368 2423 potios
381 2346 575 2421 deferendum
590 2354 616 2404 et
633 2348 666 2403 io
687 2347 906 2420 amphitheatro
926 2349 1196 2420 semiustilondora,

192 2453 326 2511 Romam
338 2468 394 2527 per
407 2449 526 2509 milites
541 2449 740 2528 deportatum
755 2454 811 2524 est,
824 2455 1057 2528 crematumque
1071 2429 1202 2529 publico*
1213 2466 1243 2511 ao

193 2558 312 2616 funere.

143 2672 179 2726 76
233 2664 470 2722 Testamentum
492 2659 609 2737 duplex
629 2665 703 2720 ante
723 2659 885 2720 biennium
914 2661 1041 2736 fecerat,
1063 2662 1198 2722 alterum

193 2787 257 2843 sua,
273 2766 409 2828 alterurn
430 2766 536 2826 liberti
557 2785 661 2842 manu,
676 2766 732 2826 sed
753 2766 861 2826 eodem
882 2767 1035 2844 exemplo,
1056 2767 1198 2844 obsigna·

192 2879 342 2951 voratque
371 2872 468 2932 etiam
497 2870 745 2931 humillimorum
775 2871 882 2948 signis.
925 2873 972 2932 Eo
998 2935 1109 2982 mmm

194 2984 383 3040 testamento
396 2978 529 3038 heredes
548 2978 656 3056 aequis
679 2978 820 3056 partibus
842 2977 972 3056 reliquit
1214 2989 1244 3035 ao

194 3086 307 3147 Gaium
321 3105 361 3145 ex
377 3084 566 3146 Germanico
580 3090 612 3144 et
626 3085 787 3144 Tiberium
802 3102 841 3143 ex
855 3085 959 3143 Druso
974 3087 1114 3160 nepotes,
1130 3081 1200 3142 sub

193 3195 359 3273 stitrritque
373 3192 542 3267 invicem3
564 3181 652 3253 dedit
665 3200 697 3254 et
711 3192 815 3270 legata
835 3192 1001 3271 plerisque,
1016 3191 1099 3250 inter
1121 3208 1198 3266 quos

192 3302 366 3381 virginibus
382 3298 577 3374 Vestalibus,
598 3300 652 3360 sed
675 3305 707 3359 et
725 3298 882 3359 militibus
902 3297 1060 3358 universis
1083 3294 1198 3375 plebei-

189 3431 246 3491 que
275 3412 442 3472 Romanae
465 3403 595 3480 viritim,
624 3410 719 3482 atque
747 3404 843 3464 etiam
868 3401 1037 3481 separatim
1058 3402 1199 3462 vicorum

186 3516 357 3597 magistris.
1216 3526 1246 3571 so
