2984 4359
500 725 539 791 Ο.
563 725 753 792 SUETON
756 726 773 789 1
805 723 1105 804 TRANQUILLI

472 912 554 995 DE
595 910 749 993 VITA
791 910 1131 995 CAESARUM

691 1105 826 1164 niara
853 1105 909 1165 rr.

625 1283 664 1350 Ο.
696 1282 980 1348 CALIGULA.

266 1598 281 1643 o
338 1576 554 1652 Germanicus,
570 1575 604 1636 O.
618 1572 762 1635 Caesaris
776 1579 875 1651 pater,
890 1572 987 1633 Drusi
1005 1579 1038 1633 et
1056 1572 1187 1634 minoris
1207 1573 1306 1633 Anto
1320 1585 1336 1634 1

297 1683 368 1744 niae
383 1682 478 1757 filius,
494 1700 514 1740 a
527 1679 654 1740 Tiberio
668 1685 781 1757 patruo
801 1678 979 1756 adoptatus,
995 1683 1196 1755 quaesturam
1216 1678 1305 1757 quin-

523 1785 661 1863 quennio
675 1788 749 1844 ante
763 1801 858 1860 quam
875 1802 931 1860 per
949 1779 1034 1860 leges
1053 1782 1162 1842 liceret
1181 1789 1213 1842 et
1231 1791 1304 1861 post

523 1909 593 1950 eam
603 1888 800 1949 consulatum
815 1888 924 1947 statim
938 1887 1054 1965 gessit;
1069 1887 1248 1965 missusque
1262 1888 1303 1947 ad

524 1994 696 2055 exercitum
721 1993 755 2053 in
780 1993 991 2068 Germaniam,
1013 2011 1143 2052 excessu
1163 1993 1303 2070 Augusti

250 2120 279 2166 10
295 2104 450 2179 nuntiato,
461 2101 599 2178 legiones
614 2099 789 2173 universas,
802 2098 1022 2175 imperatorem
1037 2097 1198 2172 Tiberium
1209 2099 1303 2176 perti-

294 2210 462 2270 nacissime
482 2205 654 2266 recusantis
675 2209 707 2263 et
727 2203 789 2263 sibi
811 2221 964 2262 summam
987 2201 1032 2261 rei
1054 2202 1198 2279 publicae
1219 2202 1304 2263 defe

295 2316 404 2391 rentis,
419 2317 572 2374 incertum
587 2311 704 2389 pietate
719 2329 761 2368 an
775 2308 953 2369 constantia
963 2308 1088 2383 maiore,
1100 2309 1302 2387 compescuit,

295 2428 389 2498 atque
413 2420 504 2480 hoste
527 2437 600 2477 mox
626 2416 750 2475 devicto
775 2414 993 2492 triumphavit.
1036 2414 1164 2493 ,Consul
1188 2414 1303 2475 deinde

293 2528 410 2588 iterum
423 2531 545 2585 creatus
563 2542 597 2583 ao
617 2522 705 2600 prius
725 2541 820 2599 quam
840 2521 989 2582 honorem
1008 2521 1104 2582 iniret
1123 2523 1163 2583 ad
1182 2542 1304 2600 compo

250 2649 278 2694 15
293 2632 431 2692 nendum
451 2629 589 2691 Orientis
610 2633 728 2688 statum
748 2629 908 2706 expulsus,
924 2649 995 2689 cum
1010 2630 1177 2690 Armeniae
1197 2649 1303 2707 regem

295 2736 471 2810 devicisset,
484 2734 712 2813 Cappadociam
730 2736 765 2794 in
780 2737 959 2814 provinciae
975 2738 1108 2797 formam
1120 2736 1302 2813 redegisset,

295 2861 412 2903 annum
433 2860 528 2916 agens
553 2840 667 2900 aetatis
690 2848 838 2918 quartum
860 2847 892 2901 et
913 2842 1129 2903 tricensimum
1152 2842 1303 2901 diuturno

294 2948 401 3007 morbo
415 2945 604 3006 Antioohiae
616 2946 704 3022 obiit,
718 2968 779 3007 nou
793 2949 860 3008 sine
873 2950 985 3009 veneni
999 2949 1184 3027 suspicione.
1217 2949 1303 3009 Nam

295 3058 418 3131 praeter
438 3052 561 3128 livores,
584 3053 638 3131 qui
660 3060 727 3114 toto
749 3074 876 3133 corpore
898 3062 996 3131 erant,
1017 3061 1048 3115 et
1071 3074 1208 3134 spumas,
1223 3074 1304 3133 quae

249 3178 278 3223 ao
294 3178 350 3238 per
370 3178 404 3219 os
423 3160 571 3235 fluebant,
588 3161 716 3220 cremati
737 3180 861 3239 quoque
881 3181 934 3222 cor
953 3162 1036 3221 inter
1056 3181 1127 3222 ossa
1146 3163 1305 3239 incorrup

295 3269 363 3324 tum
377 3270 536 3343 repertum
556 3271 620 3326 est:
644 3266 732 3326 cuius
755 3285 792 3325 ea
812 3273 925 3327 natura
945 3266 1155 3341 existimatur,
1169 3271 1207 3325 ut
1227 3266 1305 3326 tinc-

522 3377 591 3431 tum
619 3390 740 3431 veneno
772 3372 844 3448 igne
876 3372 986 3432 confici
1013 3377 1157 3450 nequeat.
1215 3370 1335 3432 obiit2

524 3483 680 3551 autemut
690 3476 796 3555 opinio
805 3478 877 3551 fuit,
885 3480 997 3539 fraude
1005 3479 1119 3553 Tiberi,
1127 3477 1304 3539 ministerio

296 3592 328 3647 et
349 3604 444 3664 opera
465 3583 519 3644 On.
535 3584 671 3658 Pisonis,
688 3584 743 3661 qui
764 3585 821 3644 sub
841 3585 923 3644 idem
942 3592 1068 3665 tempus
1089 3586 1199 3663 Syriae
1218 3606 1305 3665 prae-

297 3691 427 3771 positus,
451 3708 507 3750 nec
531 3688 736 3750 dissimulans
760 3690 981 3751 offendendum
1009 3690 1069 3751 sibi
1097 3697 1153 3751 aut
1180 3697 1304 3770 patrem

782 3795 814 3843 42

296 1867 467 1924 Germanicus,

294 1939 413 1991 fathetof
419 1940 498 1989 Gaius

295 3436 341 3484 His
352 3438 429 3484 death
