2984 4359
406 299 519 353 arara
542 301 577 354 r.
628 300 742 353 otrus
766 299 960 353 canonius.
1124 284 1188 351 103

180 493 275 551 quam
297 472 520 549 inelegantem*
539 472 615 533 item
640 472 794 534 Ciceronis
818 475 1022 548 defensionem
1043 473 1189 530 adoneus

180 580 273 638 Asini
300 579 385 639 Galle·
409 580 501 638 libros
525 578 604 639 setis
629 578 794 638 eruditam.
845 577 953 637 Novas
986 575 1080 636 etiam
1109 594 1188 636 com·

181 690 305 744 mentus
344 688 394 743 est
431 683 554 744 litteras
588 688 663 758 tres,
693 702 729 743 ac
765 701 894 742 nurnero
925 687 1066 741 veterum
1097 681 1187 759 quasi

180 788 317 850 maxime
345 788 538 849 necessarias
567 788 709 864 addidit3
740 788 780 847 de
807 806 941 865 quarum
968 786 1088 848 ratione
1116 805 1186 846 cum

180 895 324 973 privatus
352 894 455 955 adhuc
484 892 631 953 volumen
659 893 820 968 edidisset,
849 912 923 954 mox
951 891 1096 971 princeps
1124 908 1218 953 none

180 1000 349 1060 difficulter
371 998 509 1059 obtinuit
530 1004 566 1058 ut
590 998 623 1057 in
646 1018 706 1058 usu
728 1016 851 1076 quoque
875 996 1051 1076 promiscuo
1072 1003 1185 1058 essent.

181 1107 296 1165 Exstat
312 1104 388 1164 talis
406 1103 562 1182 scriptura
580 1103 614 1162 in
632 1103 792 1182 plerisque
811 1102 901 1163 libris
919 1121 955 1162 ae
974 1101 1096 1163 diurnis
1114 1101 1188 1161 titu-

182 1210 283 1288 lisque
304 1229 442 1288 operum.

135 1324 170 1374 42
220 1316 290 1375 Nec
312 1315 432 1374 minore
456 1333 531 1375 eura
553 1315 674 1376 Graece
696 1314 803 1375 studia
824 1319 950 1374 secutus
970 1318 1028 1389 est,
1050 1331 1187 1373 amorem

183 1421 469 1498 praestantiamque
484 1420 611 1496 linguae
625 1420 786 1479 occasione
797 1418 882 1477 omni
897 1437 964 1496 pro
989 1460 1112 1508 „maon
1121 1463 1149 1509 to
1204 1429 1232 1475 10

183 1528 295 1587 fessus.
339 1525 472 1587 Cuidam
495 1525 627 1585 barbaro
648 1525 767 1584 Graece
789 1541 825 1584 ac
850 1523 962 1583 Latine
989 1534 1166 1583 cmkuten·

184 1630 349 1693 disserenti
361 1631 438 1692 Onne
448 1640 581 1706 atroque,
592 1628 851 1708 iuquit,serneone
862 1637 962 1688 nostro
988 1611 1045 1657 ²¹¹¹·

183 1742 224 1796 sie
245 1745 396 1813 parntue,·
428 1741 461 1796 et
487 1735 522 1795 in
550 1734 799 1795 commendanda
828 1733 971 1812 patribus
1002 1733 1187 1812 conscriptis

183 1842 312 1918 Achaia,
327 1850 446 1919 protom
460 1844 520 1901 eibi
534 1844 727 1917 momontum
741 1840 787 1899 ait
801 1843 1004 1899 communicen
1018 1841 1187 1898 studiorum

183 1951 357 2007 commercio
362 1966 376 2020 ,·
398 1965 434 2006 ac
454 1964 547 2024 saepe
570 1946 604 2005 in
624 1952 736 2005 senatu
756 1944 868 2020 legatis
884 1950 1035 2022 perpetua
1048 1944 1187 2004 oratione
1204 1953 1233 1998 lc

183 2052 353 2130 respondit.
395 2051 536 2112 Multum
554 2069 630 2111 rere
651 2070 707 2129 pro
728 2048 880 2110 tribunali
899 2049 993 2109 etiam
1009 2048 1187 2109 Homericis

130 2191 136 2228 3
183 2157 305 2219 locutus
323 2163 372 2218 est
385 2157 537 2217 versibus.
580 2156 731 2227 Quotiens
754 2155 880 2233 quidem
903 2155 1025 2215 hostem
1043 2152 1094 2213 vel
1114 2152 1188 2215 insi-

183 2263 336 2323 diatorem
354 2261 441 2323 ultus
461 2266 554 2337 esset,
569 2260 744 2321 excubitori
764 2259 892 2320 tribuno
912 2259 1035 2335 signum
1049 2259 1088 2319 de
1102 2277 1187 2319 more

183 2368 325 2445 poscenti
339 2386 403 2427 non
416 2373 533 2428 temere
547 2365 635 2426 aliud
649 2365 746 2441 dedit,
762 2384 872 2442 quam:

307 2523 405 2602 'Ardp'
419 2523 621 2601 ἀπαμύνασθαι,
637 2523 685 2583 ὅτε
699 2547 741 2586 τις
755 2521 891 2600 πρότερος
904 2522 1057 2602 χαλεπήνῃ.
1190 2503 1234 2574 ¹20

223 2687 368 2764 Denique
396 2691 428 2746 et
456 2687 592 2746 Graecas
626 2684 754 2763 scripsit
786 2683 944 2759 historias,
973 2683 1187 2763 Tyrrhenicon

184 2792 309 2869 viginti,
319 2790 592 2853 Carchedoniacon
606 2795 684 2850 octo.
724 2789 863 2860 Quarum
877 2808 971 2850 eausa
984 2789 1083 2849 veteri
1095 2788 1189 2848 Alex-

116 2963 119 2968 ,
175 2897 313 2957 andriae
339 2897 449 2956 Museo
474 2896 660 2957 Claudieum
686 2895 829 2955 additum
855 2913 894 2953 ex
918 2894 1019 2972 ipsius
1043 2894 1187 2970 nomine;

185 3001 431 3078 institutumque
449 3006 486 3061 ut
505 3000 674 3077 quotannis
693 3000 727 3059 in
749 2999 847 3059 altero
868 2999 1084 3078 Tyrrhenicon
1104 2999 1188 3075 libri,

185 3107 220 3166 in
241 3106 341 3167 altero
363 3105 635 3167 Carchedoniacon
660 3106 771 3166 diebus
794 3105 922 3166 statutis
940 3105 1027 3166 velut
1048 3105 1081 3164 in
1104 3105 1190 3165 audi·
1205 3117 1234 3161 no

135 3226 172 3277 43
185 3212 267 3272 torio
280 3211 488 3271 recitarentur
502 3211 561 3271 toti
576 3231 595 3272 a
610 3210 743 3285 singulis
759 3230 814 3288 per
827 3211 920 3270 vices.

227 3316 292 3377 Sub
302 3316 389 3377 exitu
401 3318 485 3378 vitae
500 3317 590 3393 signa
601 3317 763 3394 quaedam,
776 3335 832 3375 nec
846 3316 986 3392 obscura,
998 3317 1189 3396 paenitentis

186 3423 225 3482 de
250 3422 450 3483 matrimonio
475 3421 670 3501 Agrippinae
697 3422 798 3499 deque
825 3422 962 3482 Neronis
988 3463 1177 3523 reputemu-

187 3527 354 3605 adoptione
369 3527 506 3588 dederat.
542 3525 714 3604 Siquidem,
726 3545 964 3586 commemoran—
988 3536 1135 3598 uagevrtu

187 3632 273 3694 tibus
300 3631 425 3694 libertis
453 3651 489 3693 ac
516 3630 718 3691 laudantibus
743 3630 963 3707 cognitionem,
989 3612 1128 3671 mmm
1206 3648 1233 3693 ao

188 3758 250 3817 qua
276 3738 381 3818 pridie
409 3737 565 3814 quandam
591 3734 740 3796 adulterii
765 3754 850 3796 ream
877 3735 1108 3810 condemnarat,
1133 3736 1192 3794 eibi
