2984 4359
315 256 357 321 56
391 266 421 319 c.
447 268 603 320 suarem
624 268 852 333 minumum
875 270 926 321 nn
946 270 1037 321 vrrs
1060 269 1268 322 emensum

314 458 376 519 que
389 445 482 519 pacto
492 439 685 517 tractaverit,
697 440 912 502 Ptolemaeum
924 441 1007 519 regis
1021 442 1119 502 Iubae
1128 441 1240 518 filium,
1253 461 1327 502 con·

315 545 475 607 sobrinum
497 564 596 622 suum,
620 546 702 626 (erat
721 546 806 606 enirn
827 553 860 606 et
882 547 909 606 is
934 548 978 606 M.
993 547 1128 607 Antonii
1148 566 1188 607 ex
1209 547 1326 607 Selene

315 651 383 711 filia
395 653 506 732 nepos)
521 656 554 711 et
567 651 601 710 in
615 651 726 729 primis
738 652 843 730 ipsum
858 653 1047 727 Macronem,
1057 652 1159 730 ipsam
1174 652 1325 727 Enniam,

315 756 473 818 adiutores
484 756 627 835 imperii:
645 756 760 835 quibus
771 757 915 818 omnibns
930 776 987 835 pro
1000 756 1243 818 necessitudinis
1254 757 1326 817 inre

285 870 300 916 5
316 881 434 941 proque
447 862 631 923 meritorum
644 862 748 939 gratia
762 869 892 922 cruenta
906 881 989 923 mors
1004 861 1165 940 persoluta
1178 867 1236 923 est.

355 967 467 1028 Nihilo
493 967 685 1028 reverentior
711 966 852 1027 leniorue
884 986 958 1043 erga
988 973 1142 1042 senatum,
1171 968 1325 1045 quosdam

317 1074 447 1134 summis
471 1072 643 1133 honoribus
664 1073 793 1133 functos
818 1073 858 1132 ad
882 1073 1025 1133 essedum
1049 1072 1111 1133 sibi
1135 1091 1259 1132 currere
1280 1079 1327 1133 to

316 1185 405 1255 gatos
432 1196 488 1256 per
516 1178 637 1255 aliquot
661 1196 812 1256 passuum
837 1178 934 1254 milia,
959 1183 992 1238 et
1016 1178 1142 1238 cenanti
1166 1178 1259 1237 modo
1283 1177 1325 1237 ad

316 1267 457 1363 pluteum
481 1284 636 1343 modoad
658 1284 753 1362 pedes
778 1290 862 1344 stare
887 1284 1062 1343 succinctos
1087 1282 1186 1342 linteo
1211 1301 1325 1360 passus

272 1397 301 1443 10
317 1450 421 1511 cmm
430 1454 459 1499 to
544 1394 605 1467 est,
620 1389 699 1450 alios
709 1409 781 1450 cum
793 1389 873 1450 clam
886 1389 1106 1463 interemisset,
1117 1390 1214 1448 citare
1224 1389 1326 1448 nihilo

318 1527 416 1584 mm,
425 1526 519 1586 Μ,
543 1494 648 1555 minus
663 1499 699 1555 ut
715 1494 803 1555 vivos
814 1494 1035 1573 perseveravit,
1048 1512 1163 1572 paucos
1174 1499 1246 1571 post
1256 1493 1324 1554 dies

316 1601 470 1658 “Qud
547 1599 724 1660 voluntaria
737 1605 837 1659 morte
849 1599 967 1677 perisse
979 1599 1140 1659 mentitus.
1184 1598 1325 1659 Consuli-

317 1674 404 1734 Μὴ
544 1704 603 1765 bus
627 1704 734 1765 oblitis
758 1704 797 1763 de
819 1704 918 1764 natali
939 1722 996 1764 suo
1017 1703 1138 1764 edicere
1160 1704 1324 1780 abrogavit

318 1807 546 1884 magistratum,
561 1808 687 1887 fuitque
706 1828 763 1888 per
781 1809 923 1869 triduum
940 1808 1009 1869 sine
1028 1827 1151 1868 summa
1166 1811 1323 1885 potestate

273 1922 302 1967 15
317 1912 511 1990 respublica
540 1913 743 1984 Quaestorem
755 1933 846 1974 suum
857 1914 891 1972 in
902 1912 1117 1973 coniuratione
1127 1912 1321 1972 nominatum

317 2016 499 2093 flagellavit,
520 2024 607 2079 veste
628 2019 771 2079 detracta
792 2018 993 2095 subiectaque
1018 2017 1156 2077 militum
1180 2017 1322 2095 pedibus,

318 2141 380 2199 quo
394 2122 483 2183 firme
497 2124 692 2184 verberaturi
707 2124 899 2184 insisterent.

359 2227 463 2288 Simili
482 2229 631 2307 superbia
646 2229 860 2306 violentiaque
879 2234 1000 2289 ceteros
1020 2228 1169 2289 tractavit
1187 2228 1322 2289 ordines.

318 2332 517 2411 Inquietatus
531 2334 661 2395 fremitu
676 2334 816 2411 gratuita
830 2334 864 2392 in
878 2334 961 2394 circo
976 2333 1046 2393 loca
1058 2334 1098 2393 de
1114 2333 1219 2393 media
1233 2339 1323 2393 nocte

273 2451 302 2496 aa
318 2439 547 2515 occupantium,
559 2440 660 2500 omnis
672 2439 811 2499 fustibus
826 2438 947 2515 abegit3
968 2438 1040 2498 elisi
1055 2457 1111 2516 per
1125 2457 1196 2497 eum
1209 2438 1324 2497 turnul-

318 2549 387 2602 tum
405 2544 520 2619 viginti
539 2544 675 2622 amplius
696 2544 819 2622 equites
839 2543 984 2618 Romani,
1000 2543 1132 2603 totidem
1153 2548 1322 2619 matronae,

319 2666 413 2727 super
427 2648 624 2709 innumeram
638 2649 763 2709 turbam
777 2655 921 2708 ceteram.
966 2648 1123 2708 Scaenicis
1135 2647 1229 2722 ludis,
1241 2648 1324 2707 inter

317 2753 441 2832 plebem
460 2759 493 2814 et
512 2753 650 2831 equitem
669 2773 793 2814 causam
810 2753 1037 2813 discordiarum
1054 2771 1169 2827 serens,
1185 2753 1322 2813 decimas

318 2859 471 2919 maturius
493 2859 597 2934 dabat,
618 2865 655 2918 ut
676 2859 837 2937 equestria
859 2859 898 2919 ab
920 2857 1029 2918 infimo
1051 2876 1174 2935 quoque
1196 2876 1323 2936 occupa

273 2970 433 3025 areentur.
478 2964 673 3025 Gladiatorio
707 2985 845 3041 munere,
873 2966 978 3026 ductis
1006 2965 1167 3026 interdum
1193 2965 1325 3042 flagran-

317 3069 442 3129 tissimo
463 3069 528 3130 sole
546 3069 635 3145 velis,
657 3068 761 3128 emitti
784 3084 972 3145 quemquam
992 3065 1120 3125 vetabat
1141 3069 1323 3141 remotoque

318 3174 476 3235 ordinario
490 3180 651 3253 apparatu,
666 3173 783 3233 tabidis
802 3170 880 3231 feris
896 3170 1066 3230 vilissimos
1087 3168 1236 3245 senioque
1256 3187 1323 3228 con·

318 3280 418 3340 iactos
437 3279 656 3356 gladiatores*l
668 3298 791 3357 quoque
806 3278 994 3355 paegniariis
1006 3283 1112 3354 patres
1122 3275 1316 3335 familiarum

318 3390 408 3446 notos
433 3385 488 3446 sed
513 3383 647 3460 insignis
672 3381 837 3441 debilitate
861 3378 968 3455 aliqua
992 3376 1131 3454 corporis
1157 3375 1321 3435 obiciebat.

273 3505 303 3551 ac
318 3489 367 3550 Ac
389 3507 633 3567 nonnumquam,
652 3486 774 3547 horreis
797 3482 979 3562 praeclusis,
997 3480 1114 3560 populo
1138 3480 1256 3540 famem
1280 3479 1324 3538 in·

319 3593 410 3655 dixit.

360 3697 531 3759 Saevitiam
545 3695 665 3772 ingenii
682 3713 739 3773 per
757 3694 834 3753 haec
849 3691 984 3752 maxime
998 3689 1145 3750 ostendit.
1189 3689 1270 3749 Cum
1285 3690 1324 3749 ad
1338 3692 1373 3747 27
