2984 4359
435 252 546 302 mauu
568 251 618 303 11.
672 251 701 303 0.
726 250 922 304 cumcurn.
1144 243 1186 306 69

173 431 320 487 senserat
341 443 378 485 ac
400 423 533 485 subinde
552 424 591 484 de
614 442 738 484 secessu
760 423 860 501 deque
880 425 1042 502 purgando
1060 426 1185 486 cerebro

172 531 338 607 cogitavit.
377 529 523 590 Creditur
532 529 713 607 potionatus
724 547 744 588 a
758 528 911 590 Caesonia
924 549 1020 589 uxore
1034 531 1186 591 amatorio
1264 612 1267 618 .

173 636 308 714 quidem
318 634 555 706 medicamento,
566 633 621 694 sed
630 633 715 711 quod
729 633 763 693 in
774 634 911 694 furorem
922 635 1062 695 verterit.
1105 637 1186 696 Inci-

173 741 306 801 tabatur
320 739 479 800 insomnia
492 738 646 815 maxime;
669 758 770 817 neque
786 738 871 799 enim
886 739 1067 818 plusquam
1081 741 1184 801 tribus
1218 811 1223 822 ,

173 845 341 906 nocturnis
352 844 439 905 horis
449 844 638 923 quiescebat,
648 863 683 904 ac
695 863 734 904 ne
746 843 787 904 iis
796 844 923 923 quidem
934 844 1058 923 placida
1068 846 1183 923 quiete,
1200 855 1216 901 c

174 951 230 1012 sed
244 951 367 1029 pavida
385 950 475 1010 miris
490 969 593 1010 rerum
613 949 813 1025 imaginibus,
830 956 868 1009 ut
886 949 941 1027 qui
964 949 1047 1010 inter
1065 956 1184 1012 ceteras

173 1055 281 1134 pelagi
316 1056 473 1132 quondam
504 1054 640 1132 speciem
671 1054 911 1132 conloquentem
946 1073 1050 1116 secum
1078 1056 1185 1116 videre

174 1161 263 1221 visus
284 1160 338 1220 sit.
381 1160 519 1237 Ideoque
541 1178 653 1235 magna
669 1147 758 1237 parte
777 1159 1186 1236 1001101131110001110111-

174 1284 234 1343 que
250 1265 360 1325 taedio
373 1283 457 1324 nuno
471 1272 540 1324 toro
557 1265 706 1340 residens,
721 1284 805 1324 nunc
826 1283 881 1342 per
898 1264 1099 1341 longissimas
1118 1285 1186 1344 pcr-

176 1371 257 1431 ticus
280 1389 381 1446 vagus
407 1372 550 1429 11100010
575 1369 747 1431 identidem
769 1375 862 1447 atque
884 1376 1064 1447 exspectare
1082 1370 1231 1432 luccm1⁰

175 1481 354 1536 consuerat.

129 1587 162 1637 51
213 1582 291 1641 Non
314 1579 474 1640 immerito
493 1580 608 1640 mentis
623 1579 799 1639 valetudini
821 1580 1019 1640 attribuerim
1040 1582 1185 1642 diversis·

176 1686 257 1746 sima
275 1686 313 1745 in
335 1686 443 1745 eodem
463 1685 548 1761 vitia,
561 1704 714 1745 summam
735 1684 958 1745 confidentiam
984 1744 1005 1790 Τ

176 1796 345 1851 01001110
369 1791 502 1850 nimium
527 1795 654 1850 metum.
696 1791 779 1850 Nam
805 1790 860 1867 qui
884 1790 958 1850 deos

176 1901 265 1956 tanto
285 1915 380 1974 opere
399 1901 619 1970 contemneret,
635 1895 675 1955 ad
697 1894 829 1954 minima
848 1896 988 1955 tonitrua
1007 1900 1038 1954 et
1058 1894 1185 1969 fulgura
1200 1906 1229 1950 lc

176 2002 332 2076 conivere,
349 2007 445 2078 caput
461 2000 636 2075 obvolvere,
655 2000 694 2059 ad
709 2018 783 2059 1010
800 2000 919 2060 maiora
935 2001 1093 2079 proripere
1113 2020 1146 2060 00
1166 2020 1183 2060 0

177 2112 276 2165 strato
298 2106 359 2167 sub
384 2105 562 2182 lectumque
589 2105 721 2164 condere
750 2104 879 2166 solebat.
927 2105 1183 2182 Peregrinatione

177 2211 304 2286 quidem
331 2209 489 2271 Siciliensi
510 2210 613 2271 irrisis
637 2208 771 2270 multum
794 2209 931 2270 locorum
954 2209 1124 2285 miraculis,
1141 2230 1184 2270 re

177 2323 269 2393 pente
284 2337 304 2377 a
322 2318 471 2377 Messana
486 2322 581 2376 noctu
595 2316 736 2393 profugit
750 2315 884 2376 Aetnaei
899 2315 1027 2375 10111010
1046 2316 1134 2376 fumo
1148 2335 1183 2376 ac

177 2439 337 2481 murmure
358 2423 551 2500 pavefactus.
594 2421 758 2482 Adversus
779 2422 927 2482 barbaros
946 2440 1070 2499 quoque
1089 2422 1184 2481 mina
1199 2430 1229 2476 00

177 2525 332 2603 sissimus,
347 2546 417 2587 cum
437 2533 526 2588 trans
545 2527 692 2586 Rhenum
712 2528 795 2587 inter
808 2526 971 2602 angustias
990 2526 1184 2603 densumque

179 2648 288 2706 agmen
302 2633 365 2693 iter
379 2632 488 2694 essedo
499 2631 626 2706 faceret,
640 2630 763 2692 dicente
775 2632 912 2710 quodam
922 2650 985 2690 non
996 2631 1184 2691 mediocrem

179 2736 244 2796 fore
259 2737 545 2798 consternationem
557 2736 686 2797 sicunde
698 2736 799 2797 hostis
816 2742 973 2815 appareat,
986 2756 1097 2815 equum
1110 2736 1184 2797 ilico

180 2843 361 2903 conscendit
374 2861 411 2903 00
424 2861 555 2921 propere
570 2861 712 2904 reversus
723 2843 765 2903 ad
779 2847 900 2920 pontes,
912 2848 949 2901 11
959 2860 1012 2901 000
1023 2841 1183 2902 calonibus

180 2950 211 3004 et
231 2946 468 3025 impedimentis
491 2949 625 3028 stipatos
648 2949 796 3028 repperit,
815 2947 982 3026 impatiens
1005 2965 1108 3007 morae
1128 2966 1184 3025 per
1200 2959 1229 3004 25

181 3068 288 3114 manus
313 3073 351 3114 00
376 3072 469 3131 super
493 3055 598 3132 capita
621 3055 782 3114 hominum
806 3052 979 3114 translatus
1005 3058 1060 3114 001
1107 3053 1184 3111 Mox

181 3156 274 3215 etiam
299 3159 410 3218 audita
433 3160 603 3221 rebellione
629 3161 825 3235 Germaniae,
851 3160 959 3234 fugam
984 3164 1016 3216 et
1044 3157 1185 3218 subsidia

182 3258 272 3337 fugae
291 3264 410 3326 classes
431 3266 611 3344 apparabat,
631 3285 694 3325 uno
716 3266 832 3326 solacio
853 3264 1067 3341 adquiescens,
1086 3269 1185 3324 trans·

182 3369 316 3430 marinas
341 3376 426 3431 certe
450 3370 511 3431 sibi
537 3371 754 3448 superfuturas
780 3369 968 3448 provincias,
995 3369 1022 3428 si
1050 3368 1184 3442 victores

183 3468 310 3548 Alpium
331 3475 415 3552 iuga,
437 3482 475 3535 ut
497 3474 624 3548 Cimbri,
648 3475 700 3534 vel
724 3475 821 3535 etiam
843 3475 962 3547 urbem,
985 3479 1022 3533 ut
1047 3474 1184 3533 Senones
1201 3486 1230 3530 ao

184 3578 346 3656 quondam,
376 3584 579 3658 occuparent3
615 3580 698 3640 unde
730 3579 822 3640 credo
855 3578 1090 3658 percussoribus
1118 3577 1185 3637 eius

184 3685 289 3755 postca
301 3683 470 3747 consilium
483 3690 602 3759 natum,
614 3685 699 3762 apud
709 3683 939 3746 tumultuantes
953 3682 1071 3742 milites
1086 3700 1187 3741 emen·
