2984 4359
443 269 555 323 ursan
578 271 626 323 ιν.
679 271 708 323 c.
735 271 932 324 camenus.
1146 259 1190 325 45

179 448 368 522 temporum,
383 442 505 502 cunctis
519 462 576 503 nec
591 448 706 504 temere
718 442 920 521 opinantibus
932 444 1108 505 reverentia
1121 444 1189 506 eius

180 568 215 609 ae
229 553 317 610 metu
336 566 512 626 repressam
530 548 637 608 Tiberi
656 548 831 624 saevitiam,
846 568 925 627 quae
946 569 1021 609 mox
1040 549 1187 628 eruperit.

150 660 167 712 7
181 654 305 714 Habuit
318 653 353 713 in
367 652 569 714 matrimonio
582 653 803 732 Agrippinam,
813 655 856 714 Μ.
866 653 1027 733 Agrippae
1041 660 1073 714 et
1088 654 1189 715 Iuliae

181 759 289 836 filiam,
304 764 337 819 et
352 776 391 817 ex
406 776 443 818 ea
456 776 569 819 novem
583 757 698 818 liberos
714 758 806 819 tulit:
829 778 962 837 quorum

181 866 240 925 duo
257 864 401 925 infantes
420 863 523 923 adhuc
545 863 638 942 rapti,
652 883 734 925 unus
755 863 819 925 iarn
840 884 962 944 pueras

182 989 253 1031 cens
268 969 389 1047 insigni
402 967 590 1045 festivitate,
601 968 690 1030 cuius
701 968 835 1046 effigiem
850 969 962 1030 habitu

182 1075 349 1154 Cupidinis
368 1074 402 1133 in
421 1074 497 1135 aede
523 1074 720 1153 Capitolinae
745 1075 878 1135 Veneris
900 1074 993 1135 Livia
1020 1074 1187 1151 dedicavit,

182 1182 345 1259 Augustus
367 1180 401 1239 in
421 1179 565 1240 cubiculo
579 1198 637 1240 suo
650 1179 795 1258 positam,
807 1181 1014 1258 quotiensque
1035 1179 1188 1257 introiret,

181 1285 440 1361 exosculabatur;
462 1284 559 1345 ceteri
574 1285 760 1363 superstites
775 1285 858 1362 patri
872 1285 1010 1360 fuerunt,
1020 1291 1084 1346 tres
1095 1305 1188 1347 sexus

180 1391 338 1466 feminini,
356 1389 543 1468 Agrippina,
564 1389 714 1466 Drusilla,
735 1390 863 1466 Livilla,
882 1389 1031 1450 continuo
1052 1391 1189 1451 triennio
1205 1404 1234 1449 10
1254 1415 1256 1420 ¹

181 1503 288 1572 natae,
306 1495 439 1556 totidem
450 1513 562 1570 mares,
571 1496 657 1555 Nero
668 1500 700 1556 et
711 1496 834 1556 Drusus
845 1500 878 1555 et
888 1495 921 1557 C.
932 1496 1055 1556 Caesar.
1093 1496 1190 1556 Nero

180 1620 250 1662 nem
271 1605 304 1661 et
323 1601 463 1660 Drusum
481 1605 610 1661 senatus
629 1599 756 1661 Tiberio
774 1600 961 1661 criminante
984 1599 1090 1661 hostes
1111 1601 1189 1661 iudi-

181 1707 273 1768 cavit.

152 1827 169 1877 8
219 1812 253 1873 C.
266 1811 382 1871 Caesar
392 1816 486 1872 natus
497 1815 546 1871 est
556 1810 659 1888 pridie
673 1810 746 1871 Kal.
760 1810 846 1889 Sept.
858 1817 947 1889 patre
959 1831 1015 1871 suo
1026 1817 1058 1872 et
1068 1812 1101 1873 C.
1111 1812 1190 1871 Fon-

181 1917 243 1977 teio
266 1916 420 1994 Capitone
442 1935 521 1977 coss.
563 1917 629 1977 Ubi
651 1921 745 1976 natus
769 1916 821 1991 sit,
844 1917 998 1976 incertum
1021 1917 1188 1978 diversitas
1205 1933 1233 1979 15

180 2021 374 2082 tradentium
394 2020 482 2081 facit.
524 2021 579 2082 Cn.
601 2021 757 2082 Lentulus
779 2021 962 2082 Gaetulicus
988 2064 1177 2112 mmmm

180 2127 290 2187 Tiburi
310 2126 453 2203 genitum
472 2125 592 2201 scribit,
608 2126 732 2186 Plinius
753 2126 914 2187 Secundus
928 2126 962 2186 in
987 2139 1164 2198 tonianplace

180 2233 337 2306 Treveris,
346 2231 416 2291 vico
425 2230 626 2291 Ambitaruio
637 2250 733 2308 supra
744 2230 961 2307 Confluentes,
988 2211 1103 2260 ⁰f⁰'¹¹¹⁸

181 2336 269 2397 addit
288 2336 385 2397 etiam
407 2355 463 2414 pro
485 2342 678 2412 argumento,
699 2354 770 2396 aras
792 2336 836 2396 ibi
857 2337 981 2396 ostendi
1002 2337 1186 2415 inscriptas:

181 2445 215 2502 ob
243 2442 436 2520 Agrippinae
465 2445 669 2517 puerperium.
722 2441 879 2501 Versiculi
912 2441 1087 2520 imperante
1115 2462 1188 2502 mox
1204 2464 1233 2510 ω

181 2564 217 2607 eo
243 2546 401 2623 divrdgati
429 2546 513 2624 apud
540 2545 688 2607 hibernas
715 2545 856 2622 legiones
885 2553 1083 2625 procreatum
1110 2547 1190 2607 indi·

181 2657 269 2712 cant:

987 837 1104 886 fluviis

987 914 1037 961 and
1047 914 1156 962 children
1203 874 1220 921 ὅ

336 2775 377 2840 In
390 2782 498 2839 contria
511 2778 610 2854 nutus,
620 2783 736 2856 patriis
750 2784 925 2841 nutritusin
934 2784 1040 2857 omia,

390 2886 460 2944 Iam
473 2887 623 2962 dentpm
632 2889 783 2962 principis
796 2905 882 2946 omen
896 2894 968 2946 erut.

181 3074 248 3150 Ego
266 3071 302 3132 in
324 3070 405 3132 actis
425 3070 505 3130 Anti
527 3071 647 3131 editum
666 3070 801 3133 invenie.
844 3072 1046 3134 Gaetulicum
1068 3074 1233 3135 refellitus

182 3177 306 3239 Plinius
327 3175 421 3255 quasi
442 3175 612 3252 mentitum
634 3196 690 3256 per
712 3178 934 3255 adulationem,
957 3185 994 3239 ut
1016 3180 1057 3239 ad
1079 3180 1188 3241 laudes

181 3282 304 3343 iuvenis
319 3279 511 3360 gloriosique
525 3282 677 3361 principis
697 3282 819 3360 aliquid
837 3284 933 3344 etiam
953 3304 992 3345 ex
1013 3287 1089 3346 urbe
1110 3287 1189 3345 Her·

181 3389 243 3448 culi
258 3406 348 3449 sacra
363 3392 510 3462 sumeret,
525 3387 720 3465 abusumque
735 3389 903 3449 audentius
919 3391 1088 3466 mendacio,
1104 3393 1188 3469 quod

181 3500 252 3554 ante
273 3513 394 3556 annum
418 3492 600 3554 serenatus
624 3493 811 3554 Germanico
833 3493 1052 3556 filiuslTiburi
1074 3497 1187 3572 iuerat,

180 3600 357 3679 appellatus
380 3602 414 3657 et
434 3596 502 3674 ipse
524 3598 557 3657 C,
578 3597 709 3668 Caesar3
731 3600 771 3658 de
790 3599 879 3659 cuius
902 3600 1030 3660 amabili
1053 3601 1189 3678 pueritia
1204 3617 1233 3662 ac

181 3704 414 3781 immaturoque
430 3700 518 3762 obitu
532 3720 628 3780 supra
641 3701 793 3763 diximus:
831 3703 972 3763 Plinium
990 3706 1094 3781 arguit
1108 3705 1188 3765 ratio
