2984 4359
302 273 345 336 48
379 284 409 337 G.
435 283 591 336 sunrom
612 282 843 347 TRANQUILLI
865 285 916 336 Du
936 284 1029 337 VITA
1051 284 1257 339 OAESARUM

302 462 397 535 atque
412 456 537 530 indolis,
553 475 633 532 cum,
648 456 774 518 deserta
787 455 991 535 desolataque
1005 456 1138 535 reliquis
1158 460 1311 522 subsidiis

529 560 610 637 aula,
631 561 744 621 Seiano
766 560 829 621 iam
849 566 925 622 tuno
944 568 1090 641 suspecto
1111 583 1186 624 mox
1205 571 1239 625 et
1261 584 1314 645 op

658 667 699 726 ad
713 684 803 744 spem
817 666 1023 727 successionis
1038 667 1192 745 paulatim
1207 671 1313 731 admo

527 776 661 831 veretur.
682 771 785 842 Quam
794 789 858 849 quo
866 771 966 849 magis
974 771 1184 850 confirmaret,
1194 777 1314 838 amissa

270 882 286 929 t
302 876 396 936 Iunia
413 894 453 935 ex
474 881 576 954 partu,
591 875 726 935 Enniam
745 875 912 952 Naeviam,
927 877 1088 938 Macronis
1101 898 1244 956 uxorem,
1256 883 1313 959 qui

301 988 370 1041 tum
383 981 592 1059 praetorianis
606 981 789 1043 cohortibus
803 987 955 1060 praeerat,
968 982 1156 1045 sollicitavit
1170 986 1212 1044 ad
1227 992 1313 1066 stup

301 1106 380 1161 rum,
395 1085 556 1164 pollicitus
571 1093 603 1146 et
617 1086 851 1147 matrimonium
870 1106 971 1162 suum,
986 1087 1014 1147 si
1035 1089 1157 1166 potitus
1177 1090 1312 1169 imperio

301 1191 432 1268 fuisset3
455 1192 555 1268 deque
571 1210 608 1251 ea
621 1210 654 1251 rc
669 1197 701 1252 et
714 1192 782 1252 iure
796 1192 930 1253 iurando
943 1197 976 1252 et
988 1193 1199 1272 chirographo
1216 1197 1310 1257 cavit.

300 1340 402 1387 m„
418 1337 445 1386 of
460 1338 500 1385 Ἡ,
525 1298 587 1356 Per
614 1296 695 1357 banc
722 1297 903 1358 insinuatus
931 1297 1083 1374 Macroni,
1109 1318 1232 1360 veneno
1262 1302 1312 1362 Ti-

255 1413 285 1458 10
299 1414 384 1461 mnus
395 1414 485 1461 attrib-
525 1401 647 1461 borium
668 1401 835 1478 adgressus
855 1408 913 1478 est,
928 1408 966 1462 ut
982 1402 1112 1481 quidam
1127 1404 1310 1484 opinantur,

300 1488 462 1536 ”mmm
525 1507 722 1585 spirantique
746 1507 848 1568 adhuc
870 1507 994 1568 detrahi
1019 1509 1150 1569 anulum
1174 1516 1215 1587 et,
1238 1531 1312 1589 quo

202 1669 205 1675 .
299 1614 386 1674 niam
401 1611 611 1691 suspicionem
627 1612 795 1673 retinentis
809 1613 914 1689 dabat,
930 1613 1096 1691 pulvinum
1111 1615 1208 1675 iussit
1223 1616 1309 1694 inici,

299 1724 395 1796 atque
416 1716 512 1778 etiam
535 1718 643 1777 fauces
666 1736 762 1777 manu
785 1737 842 1778 sua
861 1718 1028 1797 oppressit,
1049 1718 1173 1796 liberto,
1193 1722 1251 1799 qui
1271 1723 1311 1783 ob

299 1823 496 1884 atrocitatem
517 1821 666 1883 facinoris
686 1822 924 1897 exclamaverat,
940 1824 1109 1885 confestim
1130 1825 1165 1885 in
1184 1844 1310 1887 crucem
1406 1836 1408 1840 '

255 1941 284 1988 15
299 1934 377 1990 acto.
420 1929 487 1988 Nec
502 1927 649 1987 abhorret
663 1946 683 1986 a
693 1926 835 2002 veritate,
846 1947 918 1986 curn
933 1928 998 1989 sint
1008 1929 1139 2007 quidam
1152 1937 1309 2008 auctores,

299 2034 403 2112 ipsum
424 2038 535 2110 postea
555 2032 616 2092 etsi
638 2050 701 2090 non
722 2032 761 2092 de
783 2032 933 2109 perfecto,
949 2039 982 2093 at
1004 2040 1088 2094 certe
1109 2036 1148 2095 de
1169 2037 1310 2113 cogitato

298 2139 457 2219 quondam
478 2137 647 2216 parricidio
667 2137 863 2214 professum
886 2137 1055 2214 gloriatum
1077 2140 1163 2199 enim
1181 2141 1309 2204 assidue

298 2245 333 2304 in
360 2243 631 2304 commemoranda
659 2260 717 2302 sua
740 2241 869 2319 pietate,
894 2244 935 2303 ed
960 2243 1173 2306 ulciscendam
1198 2265 1309 2308 necem

298 2350 409 2411 matris
434 2354 467 2408 et
490 2349 625 2407 fratrum
650 2346 799 2408 introisse
821 2365 854 2407 sc
876 2366 948 2407 cum
969 2348 1105 2425 pugione
1126 2350 1308 2413 cubiculum

252 2472 282 2518 ao
298 2454 418 2515 Tiberii
445 2452 640 2527 dormientis,
668 2457 701 2511 et
728 2451 944 2519 misericordia
974 2445 1152 2531 correptum
1183 2456 1308 2518 abiecto

297 2562 382 2620 ferro
403 2558 585 2633 recessisse;
607 2575 664 2617 neo
683 2556 785 2631 illum,
801 2576 990 2635 quamquam
1012 2559 1173 2636 sensisset,
1188 2567 1245 2621 aut
1261 2562 1308 2622 in·

298 2665 422 2744 quirere
437 2663 604 2741 quicquam
618 2667 674 2722 aut
687 2661 818 2738 exsequi
832 2680 952 2722 ausum.

338 2770 390 2830 Sic
410 2767 578 2847 imperium
599 2767 741 2844 adeptus,
757 2765 908 2844 populum
926 2767 1104 2828 Romanum
1120 2768 1186 2850 (vel
1201 2771 1304 2833 dicam
1319 2782 1355 2832 13

522 2871 687 2931 hominurn
708 2889 805 2946 genus
816 2873 846 2952 1²)
863 2871 930 2931 voti
951 2880 1128 2951 compotem
1149 2875 1238 2952 fecit,
1256 2896 1307 2938 ex-

523 2976 741 3055 optatissimus
753 2976 899 3054 princeps
914 2978 1070 3039 maximae
1080 2981 1166 3057 parti
1179 2982 1306 3061 provin·

522 3081 650 3142 cialium
665 3099 700 3141 ao
714 3080 863 3157 militurn,
879 3083 964 3159 quod
985 3082 1142 3145 infantem
1160 3086 1305 3167 plerique

296 3193 521 3267 cognoverant3
538 3188 594 3248 sed
605 3191 636 3247 et
647 3186 813 3246 universae
824 3186 910 3263 plebi
921 3188 1059 3250 urbanae
1070 3191 1110 3251 ob
1120 3193 1305 3253 memoriam

296 3294 476 3357 Germanici
498 3292 598 3371 patris
613 3291 908 3368 miserationemque
921 3312 1019 3372 prope
1033 3294 1168 3356 afflictae
1183 3298 1302 3359 domus.

295 3403 407 3478 Itaque
417 3398 614 3459 utaMiseno
625 3396 725 3455 movit
736 3397 880 3473 quamvis
891 3397 1030 3475 lugentis
1039 3399 1151 3461 habitu
1162 3407 1195 3461 et
1206 3402 1303 3463 funus

249 3524 278 3570 ao
294 3505 401 3566 Tiberi
423 3522 625 3582 prosequens,
641 3507 747 3561 tamen
762 3502 845 3561 inter
859 3502 972 3564 altaria
986 3510 1019 3565 et
1034 3506 1180 3567 victimas
1195 3509 1304 3568 arden·

293 3611 400 3688 tisque
420 3610 530 3670 taedas
552 3606 739 3667 densissimo
758 3612 791 3666 et
810 3606 985 3670 laetissimo
999 3610 1164 3671 obviorum
1177 3614 1302 3689 agmine

294 3715 432 3789 incessit,
449 3731 543 3790 super
562 3711 670 3771 fausta
687 3710 817 3771 nomina
835 3712 923 3774 sidus
940 3719 973 3773 et
992 3711 1115 3793 pullum
1131 3722 1164 3776 et
1183 3736 1300 3796 pupum

296 2958 406 3018 Populer
413 2956 458 3017 joy
468 2957 498 3002 at

250 3003 280 3047 2⁵
296 3034 337 3080 his
347 3031 478 3079 accession
