2984 4359
303 265 367 329 130
405 277 434 329 c.
457 278 613 330 suurour
632 279 861 342 caenomani
879 281 928 331 mc
947 281 1039 331 vmn
1059 281 1264 333 clusinum

303 451 416 527 gustiis
436 450 626 529 flexurisque
644 452 794 528 vicorum,
816 451 957 513 incendit
976 453 1086 513 urbem
1103 460 1167 513 tam
1191 454 1304 533 palam,

302 561 338 615 ut
348 555 490 634 plerique
501 556 679 617 consulares
689 556 896 618 cubicularios
905 557 981 633 eius,
997 576 1067 617 oum
1083 564 1198 636 stuppa
1204 558 1306 619 taeda-

528 680 588 738 que
613 661 647 720 in
669 662 807 739 praediis
829 662 895 722 suis
917 663 1137 740 deprehensos,
1154 683 1217 723 non
1236 664 1306 724 atti·

301 742 453 864 ffibm'
529 767 648 843 gerint;
684 773 716 827 et
742 768 895 845 quaedam
919 767 1032 828 horrea
1059 768 1141 828 circa
1170 770 1305 829 Domum

270 887 286 933 a
529 871 676 947 Auream,
688 890 821 949 quorum
836 873 974 951 spatium
994 873 1129 933 maxime
1151 874 1307 934 desidera

302 976 365 1051 bat,
379 981 416 1035 ut
429 976 552 1037 bellicis
567 977 720 1037 machinis
734 976 892 1039 labefacta
907 984 1002 1056 atque
1021 978 1217 1039 inflammata
1231 980 1304 1055 sint,

301 1081 385 1158 quod
395 1100 489 1144 saxeo
498 1101 586 1141 muro
594 1088 774 1142 constructa
782 1089 879 1143 erant.
910 1084 971 1143 Per
981 1103 1034 1143 sex
1044 1084 1112 1145 dies
1122 1090 1305 1162 septemque

301 1193 408 1248 noctes
429 1206 466 1247 ea
486 1187 573 1247 clade
594 1188 751 1248 saevitum
773 1195 829 1265 est,
847 1189 887 1249 ad
908 1196 1181 1250 monumentorum
1202 1191 1306 1251 busto

301 1311 433 1370 rumque
457 1292 635 1353 deversoria
662 1293 753 1371 plebe
777 1293 946 1371 compulsa
989 1295 1077 1354 Tunc
1101 1301 1227 1373 praeter
1251 1296 1305 1354 irn-

257 1409 286 1455 10
301 1416 443 1458 mensum
465 1416 628 1457 numerum
650 1397 825 1458 insularum
850 1398 961 1459 domus
988 1399 1162 1477 priscorum
1191 1400 1304 1460 ducum

301 1508 445 1563 arserunt
466 1502 634 1563 hostilibus
655 1502 758 1563 adhuc
780 1503 891 1581 spoliis
912 1504 1090 1580 adornatae,
1113 1505 1304 1582 deorumque

301 1608 393 1667 aedes
421 1608 461 1667 ab
485 1608 611 1683 regibus
633 1626 669 1684 aq
692 1608 806 1667 deinde
833 1608 963 1668 Punicis
991 1614 1024 1668 et
1052 1609 1184 1669 Gallicis
1212 1610 1303 1671 bellis

302 1718 393 1772 votae
406 1711 638 1789 dedicataeque‚
654 1718 686 1772 et
700 1712 856 1790 quidquid
870 1714 1037 1772 visendum
1052 1719 1146 1791 atque
1157 1732 1304 1775 memora

299 1818 363 1878 bile
384 1836 423 1876 ex
445 1816 636 1894 antiquitate
657 1817 832 1877 duraverat.
880 1818 952 1878 Hoc
978 1818 1159 1878 incendium
1181 1839 1198 1879 e
1218 1827 1303 1880 turre

255 1932 284 1976 15
300 1923 540 1983 Maecenatiana
561 1927 766 2000 prospectans
787 1922 951 2000 laetusque
965 1928 1124 2000 flammae,
1139 1931 1176 1983 ut
1190 1925 1303 2000 aiebat,

294 2031 521 2105 pulchritudine
548 2026 685 2087 Halosin
713 2027 769 2086 Ilii
796 2027 829 2086 in
857 2027 913 2087 illo
938 2046 994 2088 suo
1022 2030 1165 2088 scaenico
1191 2029 1304 2089 habitu

300 2132 488 2194 decantavit.
530 2131 578 2191 Ac
605 2151 645 2192 ne
672 2151 736 2192 non
754 2132 838 2192 'hinc
865 2151 988 2210 quoque
1016 2140 1169 2210 quantum
1198 2141 1305 2212 posset

299 2239 432 2318 praedae
452 2245 485 2298 et
504 2238 722 2298 manubiarum
742 2236 916 2313 invaderet,
931 2238 1094 2316 pollicitus
1116 2240 1303 2299 cadaverum

299 2350 332 2405 et
353 2344 500 2403 ruderum
516 2343 697 2428 vgratuitam
726 2344 928 2419 egestionem,
950 2343 1069 2402 nemini
1090 2343 1130 2403 ad
1151 2343 1304 2421 reliquias

254 2454 285 2499 2⁰
299 2469 403 2509 rerum
439 2467 565 2507 suarum
600 2447 687 2506 adire
721 2447 885 2525 permisit,
922 2447 1205 2524 collationibusque
1242 2468 1304 2508 non

298 2554 433 2633 receptis
461 2553 553 2612 modo
573 2570 681 2611 verum
703 2558 734 2610 et
755 2551 934 2627 efflagitatis
962 2552 1141 2630 provincias
1169 2553 1304 2630 privato

298 2678 430 2737 rumque
450 2676 562 2717 census
584 2675 679 2734 prope
700 2656 856 2716 exhausit.
899 2656 1110 2717 Accesserant
1136 2657 1237 2718 tantis
1264 2678 1302 2718 ex
1316 2639 1353 2718 aa
1452 2695 1455 2700 -

298 2764 440 2844 principe
449 2762 541 2822 malis
553 2761 735 2839 probrisque
746 2762 899 2838 quaedam
908 2769 941 2821 et
951 2762 1100 2823 fortuita:
1118 2763 1303 2840 pestilentia

524 2866 619 2926 unius
640 2867 793 2943 autumni,
809 2887 871 2945 quo
891 2867 1023 2943 triginta
1043 2868 1190 2926 funerum
1212 2868 1304 2928 milia

524 2972 558 3032 in
572 2973 723 3033 rationem
739 2972 897 3033 Libitinae
911 2979 1082 3048 venerunt3
1111 2972 1217 3033 clades
1237 2973 1302 3033 Bri·

523 3078 659 3152 tannica,
685 3098 747 3156 qua
768 3079 829 3138 duo
852 3078 1020 3156 praecipua
1044 3057 1161 3155 oppida
1188 3097 1303 3155 magna

219 3186 226 3196 '
297 3184 413 3245 civium
437 3184 652 3261 sociorumque
677 3184 770 3243 caede
796 3184 919 3261 direpta
943 3189 1036 3259 sunt,
1065 3183 1241 3260 ignominia
1261 3186 1302 3245 ad

297 3291 468 3366 Orientem,
483 3289 658 3366 legionibus
673 3290 707 3348 in
718 3290 869 3349 Armenia
883 3290 941 3350 sub
955 3290 1063 3365 iugum
1078 3288 1184 3350 missis
1199 3308 1301 3367 aegre-

296 3433 437 3492 ΜΝ,
522 3414 583 3472 que
599 3395 692 3473 Syria
711 3400 841 3455 retenta.
884 3394 1002 3454 Mirum
1018 3400 1049 3454 et
1064 3394 1116 3453 vel
1133 3395 1300 3474 praecipue

251 3514 281 3559 30
296 3508 406 3554 merten
522 3499 661 3560 notabile
680 3499 764 3559 inter
780 3500 856 3559 haec
873 3499 979 3574 fuerit,
994 3499 1075 3558 nihil
1091 3517 1162 3559 eum
1182 3500 1300 3578 patien-

296 3582 475 3642 ³3⁸i¹¹⁸t⁸⁰m
522 3605 587 3665 tius
610 3623 703 3681 quarn
727 3604 895 3664 maledicta
917 3610 949 3664 et
973 3603 1114 3664 convicia
1135 3604 1299 3665 hominum

295 3710 417 3786 tulisse,
436 3728 538 3787 neque
562 3709 596 3768 in
617 3708 699 3768 ullos
722 3708 873 3768 leniorem
892 3727 987 3785 quam
1006 3707 1061 3785 qui
1080 3726 1114 3768 se
1129 3708 1225 3770 dictis
1245 3717 1300 3770 aut

252 2987 282 3032 25
297 2952 375 3000 other

297 3028 424 3074 disastera
