<?xml version="1.0" encoding="UTF-8"?>
<!DOCTYPE html PUBLIC "-//W3C//DTD XHTML 1.0 Transitional//EN"
    "http://www.w3.org/TR/xhtml1/DTD/xhtml1-transitional.dtd">
<html xmlns="http://www.w3.org/1999/xhtml" xml:lang="en" lang="en">
 <head>
  <title>
</title>
<meta http-equiv="Content-Type" content="text/html;charset=utf-8" />
  <meta name='ocr-system' content='tesseract 3.04.00' />
  <meta name='ocr-capabilities' content='ocr_page ocr_carea ocr_par ocr_line ocrx_word'/>
</head>
<body>
  <div class='ocr_page' id='page_1' title='image "./gaisuetonitranq00unkngoog_0062.png"; bbox 0 0 2984 4359; ppageno 0'>
   <div class='ocr_carea' id='block_1_1' title="bbox 292 243 1244 316">
    <p class='ocr_par' dir='ltr' id='par_1_1' title="bbox 292 243 1244 316">
     <span class='ocr_line' id='line_1_1' title="bbox 292 243 1244 316; baseline -0.004 -11"><span class='ocrx_word' id='word_1_1' title='bbox 292 243 335 306; x_wconf 84' lang='lat'>30</span> <span class='ocrx_word' id='word_1_2' title='bbox 368 254 399 306; x_wconf 89' lang='lat' dir='ltr'>c.</span> <span class='ocrx_word' id='word_1_3' title='bbox 425 253 582 304; x_wconf 80' lang='lat' dir='ltr'>suarum</span> <span class='ocrx_word' id='word_1_4' title='bbox 604 253 834 316; x_wconf 69' lang='lat' dir='ltr'>russonum</span> <span class='ocrx_word' id='word_1_5' title='bbox 854 254 905 303; x_wconf 81' lang='lat' dir='ltr'>nn</span> <span class='ocrx_word' id='word_1_6' title='bbox 926 253 1017 303; x_wconf 74' lang='lat' dir='ltr'>vrrs</span> <span class='ocrx_word' id='word_1_7' title='bbox 1040 252 1244 303; x_wconf 72' lang='lat' dir='ltr'>cuasarum</span> 
     </span>
    </p>
   </div>
   <div class='ocr_carea' id='block_1_2' title="bbox 239 424 1387 3765">
    <p class='ocr_par' dir='ltr' id='par_1_2' title="bbox 290 424 1312 817">
     <span class='ocr_line' id='line_1_2' title="bbox 292 424 1296 503; baseline -0.004 -18"><span class='ocrx_word' id='word_1_8' title='bbox 292 426 448 503; x_wconf 81' lang='lat' dir='ltr'>congestis</span> <span class='ocrx_word' id='word_1_9' title='bbox 462 426 557 485; x_wconf 89' lang='lat' dir='ltr'>etiam</span> <span class='ocrx_word' id='word_1_10' title='bbox 572 425 704 503; x_wconf 83' lang='lat' dir='ltr'><strong>probris,</strong></span> <span class='ocrx_word' id='word_1_11' title='bbox 719 431 753 485; x_wconf 90' lang='lat' dir='ltr'>et</span> <span class='ocrx_word' id='word_1_12' title='bbox 765 424 921 485; x_wconf 86' lang='lat' dir='ltr'>iudicatos</span> <span class='ocrx_word' id='word_1_13' title='bbox 938 424 1042 485; x_wconf 87' lang='lat' dir='ltr'>bostis</span> <span class='ocrx_word' id='word_1_14' title='bbox 1056 425 1140 484; x_wconf 84' lang='lat' dir='ltr'>fame</span> <span class='ocrx_word' id='word_1_15' title='bbox 1155 424 1296 483; x_wconf 77' lang='lat' dir='ltr'>necavit:</span> 
     </span>
     <span class='ocr_line' id='line_1_3' title="bbox 291 528 1312 608; baseline -0.004 -17"><span class='ocrx_word' id='word_1_16' title='bbox 291 531 450 591; x_wconf 79' lang='lat' dir='ltr'>Neronem</span> <span class='ocrx_word' id='word_1_17' title='bbox 464 530 497 589; x_wconf 93' lang='lat' dir='ltr'>in</span> <span class='ocrx_word' id='word_1_18' title='bbox 512 530 617 590; x_wconf 88' lang='lat' dir='ltr'>insula</span> <span class='ocrx_word' id='word_1_19' title='bbox 632 530 757 604; x_wconf 76' lang='lat' dir='ltr'>Pontia,</span> <span class='ocrx_word' id='word_1_20' title='bbox 772 531 908 590; x_wconf 84' lang='lat' dir='ltr'><strong>Drusum</strong></span> <span class='ocrx_word' id='word_1_21' title='bbox 927 530 961 588; x_wconf 94' lang='lat' dir='ltr'>iu</span> <span class='ocrx_word' id='word_1_22' title='bbox 981 530 1046 589; x_wconf 89' lang='lat' dir='ltr'>ima</span> <span class='ocrx_word' id='word_1_23' title='bbox 1059 536 1148 607; x_wconf 83' lang='lat' dir='ltr'>parte</span> <span class='ocrx_word' id='word_1_24' title='bbox 1169 528 1295 588; x_wconf 86' lang='lat' dir='ltr'>Palatii.</span> <span class='ocrx_word' id='word_1_25' title='bbox 1310 604 1312 608; x_wconf 20' lang='grc' dir='ltr'>Ι</span> 
     </span>
     <span class='ocr_line' id='line_1_4' title="bbox 291 635 1297 708; baseline -0.002 -13"><span class='ocrx_word' id='word_1_26' title='bbox 291 636 410 695; x_wconf 80' lang='lat' dir='ltr'>Putant</span> <span class='ocrx_word' id='word_1_27' title='bbox 429 637 587 695; x_wconf 82' lang='lat' dir='ltr'>Neronem</span> <span class='ocrx_word' id='word_1_28' title='bbox 608 636 648 694; x_wconf 88' lang='lat' dir='ltr'>ad</span> <span class='ocrx_word' id='word_1_29' title='bbox 668 635 879 694; x_wconf 83' lang='lat' dir='ltr'>voluntariam</span> <span class='ocrx_word' id='word_1_30' title='bbox 901 644 1033 693; x_wconf 88' lang='lat' dir='ltr'>mortem</span> <span class='ocrx_word' id='word_1_31' title='bbox 1054 641 1205 708; x_wconf 89' lang='lat' dir='ltr'>coactum,</span> <span class='ocrx_word' id='word_1_32' title='bbox 1225 653 1297 693; x_wconf 90' lang='lat' dir='ltr'>cum</span> 
     </span>
     <span class='ocr_line' id='line_1_5' title="bbox 290 739 1298 817; baseline -0.001 -16"><span class='ocrx_word' id='word_1_33' title='bbox 290 740 319 801; x_wconf 93' lang='lat' dir='ltr'>ei</span> <span class='ocrx_word' id='word_1_34' title='bbox 334 740 476 801; x_wconf 76' lang='lat' dir='ltr'>carnifex</span> <span class='ocrx_word' id='word_1_35' title='bbox 489 741 580 817; x_wconf 88' lang='lat' dir='ltr'>quasi</span> <span class='ocrx_word' id='word_1_36' title='bbox 591 759 631 799; x_wconf 79' lang='lat' dir='ltr'>ex</span> <span class='ocrx_word' id='word_1_37' title='bbox 645 747 774 801; x_wconf 89' lang='lat' dir='ltr'>senatus</span> <span class='ocrx_word' id='word_1_38' title='bbox 788 741 975 800; x_wconf 88' lang='lat' dir='ltr'>anctoritate</span> <span class='ocrx_word' id='word_1_39' title='bbox 990 740 1106 799; x_wconf 87' lang='lat' dir='ltr'>missus</span> <span class='ocrx_word' id='word_1_40' title='bbox 1120 739 1249 817; x_wconf 87' lang='lat' dir='ltr'>laqueos</span> <span class='ocrx_word' id='word_1_41' title='bbox 1264 746 1298 800; x_wconf 93' lang='lat' dir='ltr'>et</span> 
     </span>
    </p>

    <p class='ocr_par' dir='ltr' id='par_1_3' title="bbox 259 845 1297 1134">
     <span class='ocr_line' id='line_1_6' title="bbox 259 845 1297 920; baseline 0.002 -17"><span class='ocrx_word' id='word_1_42' title='bbox 259 857 275 903; x_wconf 78' lang='lat' dir='ltr'>t</span> <span class='ocrx_word' id='word_1_43' title='bbox 289 865 386 906; x_wconf 89' lang='lat' dir='ltr'>uncos</span> <span class='ocrx_word' id='word_1_44' title='bbox 400 852 582 920; x_wconf 83' lang='lat' dir='ltr'>ostentaret,</span> <span class='ocrx_word' id='word_1_45' title='bbox 598 846 703 906; x_wconf 88' lang='lat' dir='ltr'>Druso</span> <span class='ocrx_word' id='word_1_46' title='bbox 717 853 820 905; x_wconf 84' lang='lat' dir='ltr'>autern</span> <span class='ocrx_word' id='word_1_47' title='bbox 836 846 914 904; x_wconf 88' lang='lat' dir='ltr'>adeo</span> <span class='ocrx_word' id='word_1_48' title='bbox 927 845 1079 904; x_wconf 88' lang='lat' dir='ltr'>alimenta</span> <span class='ocrx_word' id='word_1_49' title='bbox 1093 845 1248 905; x_wconf 89' lang='lat' dir='ltr'>subducta</span> <span class='ocrx_word' id='word_1_50' title='bbox 1260 850 1297 906; x_wconf 91' lang='lat' dir='ltr'>ut</span> 
     </span>
     <span class='ocr_line' id='line_1_7' title="bbox 289 950 1296 1029; baseline 0 -19"><span class='ocrx_word' id='word_1_51' title='bbox 289 956 464 1011; x_wconf 89' lang='lat' dir='ltr'>tomentum</span> <span class='ocrx_word' id='word_1_52' title='bbox 485 970 502 1010; x_wconf 91' lang='lat' dir='ltr'>e</span> <span class='ocrx_word' id='word_1_53' title='bbox 522 951 638 1010; x_wconf 89' lang='lat' dir='ltr'>culcita</span> <span class='ocrx_word' id='word_1_54' title='bbox 662 951 865 1029; x_wconf 87' lang='lat' dir='ltr'>temptaverit</span> <span class='ocrx_word' id='word_1_55' title='bbox 889 950 1045 1024; x_wconf 88' lang='lat' dir='ltr'>mandere,</span> <span class='ocrx_word' id='word_1_56' title='bbox 1067 950 1229 1010; x_wconf 88' lang='lat' dir='ltr'>amborum</span> <span class='ocrx_word' id='word_1_57' title='bbox 1250 951 1296 1010; x_wconf 89' lang='lat' dir='ltr'>sic</span> 
     </span>
     <span class='ocr_line' id='line_1_8' title="bbox 289 1055 1206 1134; baseline -0.002 -18"><span class='ocrx_word' id='word_1_58' title='bbox 289 1056 440 1134; x_wconf 88' lang='lat' dir='ltr'>reliquias</span> <span class='ocrx_word' id='word_1_59' title='bbox 453 1056 612 1134; x_wconf 86' lang='lat' dir='ltr'>dispersas</span> <span class='ocrx_word' id='word_1_60' title='bbox 626 1061 661 1115; x_wconf 91' lang='lat' dir='ltr'>ut</span> <span class='ocrx_word' id='word_1_61' title='bbox 678 1056 731 1114; x_wconf 80' lang='lat' dir='ltr'>vix</span> <span class='ocrx_word' id='word_1_62' title='bbox 744 1057 932 1134; x_wconf 84' lang='lat' dir='ltr'>quandoque</span> <span class='ocrx_word' id='word_1_63' title='bbox 946 1055 1053 1132; x_wconf 80' lang='lat' dir='ltr'>colligi</span> <span class='ocrx_word' id='word_1_64' title='bbox 1068 1061 1206 1133; x_wconf 81' lang='lat' dir='ltr'>possent.</span> 
     </span>
    </p>

    <p class='ocr_par' dir='ltr' id='par_1_4' title="bbox 288 1160 1347 1355">
     <span class='ocr_line' id='line_1_9' title="bbox 331 1160 1347 1239; baseline -0.003 -17"><span class='ocrx_word' id='word_1_65' title='bbox 331 1162 430 1239; x_wconf 86' lang='lat' dir='ltr'>Super</span> <span class='ocrx_word' id='word_1_66' title='bbox 454 1167 575 1221; x_wconf 88' lang='lat' dir='ltr'>veteres</span> <span class='ocrx_word' id='word_1_67' title='bbox 597 1160 714 1220; x_wconf 82' lang='lat' dir='ltr'>amicos</span> <span class='ocrx_word' id='word_1_68' title='bbox 734 1179 771 1220; x_wconf 92' lang='lat' dir='ltr'>ac</span> <span class='ocrx_word' id='word_1_69' title='bbox 791 1161 966 1221; x_wconf 81' lang='lat' dir='ltr'>familiares</span> <span class='ocrx_word' id='word_1_70' title='bbox 985 1161 1100 1237; x_wconf 80' lang='lat' dir='ltr'>viginti</span> <span class='ocrx_word' id='word_1_71' title='bbox 1122 1160 1183 1221; x_wconf 90' lang='lat' dir='ltr'>sibi</span> <span class='ocrx_word' id='word_1_72' title='bbox 1204 1180 1222 1220; x_wconf 90' lang='lat' dir='ltr'>e</span> <span class='ocrx_word' id='word_1_73' title='bbox 1242 1181 1297 1220; x_wconf 91' lang='lat' dir='ltr'>nu·</span> <span class='ocrx_word' id='word_1_74' title='bbox 1309 1170 1347 1219; x_wconf 79' lang='lat'>55</span> 
     </span>
     <span class='ocr_line' id='line_1_10' title="bbox 288 1265 1296 1355; baseline 0.002 -31"><span class='ocrx_word' id='word_1_75' title='bbox 288 1308 334 1355; x_wconf 72' lang='lat' dir='ltr'>ffir</span> <span class='ocrx_word' id='word_1_76' title='bbox 340 1308 453 1355; x_wconf 55' lang='lat' dir='ltr'>mm,</span> <span class='ocrx_word' id='word_1_77' title='bbox 516 1284 602 1325; x_wconf 89' lang='lat' dir='ltr'>mero</span> <span class='ocrx_word' id='word_1_78' title='bbox 615 1266 794 1344; x_wconf 89' lang='lat' dir='ltr'>principum</span> <span class='ocrx_word' id='word_1_79' title='bbox 808 1265 949 1326; x_wconf 89' lang='lat' dir='ltr'>civitatis</span> <span class='ocrx_word' id='word_1_80' title='bbox 963 1265 1196 1343; x_wconf 72' lang='lat' dir='ltr'>depoposcerat,</span> <span class='ocrx_word' id='word_1_81' title='bbox 1208 1266 1296 1326; x_wconf 85' lang='lat' dir='ltr'>velut</span> 
     </span>
    </p>

    <p class='ocr_par' dir='ltr' id='par_1_5' title="bbox 245 1370 1295 1868">
     <span class='ocr_line' id='line_1_11' title="bbox 245 1370 1295 1448; baseline 0 -18"><span class='ocrx_word' id='word_1_82' title='bbox 245 1386 274 1430; x_wconf 83' lang='lat' dir='ltr'>io</span> <span class='ocrx_word' id='word_1_83' title='bbox 288 1384 339 1429; x_wconf 76' lang='lat' dir='ltr'>loro</span> <span class='ocrx_word' id='word_1_84' title='bbox 354 1384 404 1429; x_wconf 77' lang='lat' dir='ltr'>mu</span> <span class='ocrx_word' id='word_1_85' title='bbox 516 1370 711 1430; x_wconf 86' lang='lat' dir='ltr'>consiliarios</span> <span class='ocrx_word' id='word_1_86' title='bbox 728 1370 762 1428; x_wconf 94' lang='lat' dir='ltr'>in</span> <span class='ocrx_word' id='word_1_87' title='bbox 776 1371 912 1447; x_wconf 87' lang='lat' dir='ltr'>negotiis</span> <span class='ocrx_word' id='word_1_88' title='bbox 928 1370 1071 1448; x_wconf 83' lang='lat' dir='ltr'>publicis</span> <span class='ocrx_word' id='word_1_89' title='bbox 1105 1371 1227 1430; x_wconf 89' lang='lat' dir='ltr'>Horum</span> <span class='ocrx_word' id='word_1_90' title='bbox 1240 1372 1295 1430; x_wconf 83' lang='lat' dir='ltr'>vix</span> 
     </span>
     <span class='ocr_line' id='line_1_12' title="bbox 288 1457 1295 1553; baseline 0.001 -18"><span class='ocrx_word' id='word_1_91' title='bbox 288 1457 398 1517; x_wconf 56' lang='lat' dir='ltr'>sm·</span> <span class='ocrx_word' id='word_1_92' title='bbox 515 1475 594 1535; x_wconf 90' lang='lat' dir='ltr'>duos</span> <span class='ocrx_word' id='word_1_93' title='bbox 612 1495 693 1535; x_wconf 88' lang='lat' dir='ltr'>aune</span> <span class='ocrx_word' id='word_1_94' title='bbox 712 1481 778 1535; x_wconf 88' lang='lat' dir='ltr'>tres</span> <span class='ocrx_word' id='word_1_95' title='bbox 797 1474 964 1534; x_wconf 88' lang='lat' dir='ltr'>incolumis</span> <span class='ocrx_word' id='word_1_96' title='bbox 985 1475 1155 1553; x_wconf 89' lang='lat' dir='ltr'>praestitit,</span> <span class='ocrx_word' id='word_1_97' title='bbox 1174 1482 1295 1536; x_wconf 87' lang='lat' dir='ltr'>ceteros</span> 
     </span>
     <span class='ocr_line' id='line_1_13' title="bbox 288 1580 1295 1659; baseline -0.001 -18"><span class='ocrx_word' id='word_1_98' title='bbox 288 1580 386 1641; x_wconf 89' lang='lat' dir='ltr'>alium</span> <span class='ocrx_word' id='word_1_99' title='bbox 406 1580 521 1641; x_wconf 81' lang='lat' dir='ltr'>eliade</span> <span class='ocrx_word' id='word_1_100' title='bbox 535 1599 631 1640; x_wconf 89' lang='lat' dir='ltr'>causa</span> <span class='ocrx_word' id='word_1_101' title='bbox 646 1581 790 1659; x_wconf 86' lang='lat' dir='ltr'>perculit,</span> <span class='ocrx_word' id='word_1_102' title='bbox 806 1581 890 1639; x_wconf 89' lang='lat' dir='ltr'>iuter</span> <span class='ocrx_word' id='word_1_103' title='bbox 906 1599 984 1657; x_wconf 93' lang='lat' dir='ltr'>quos</span> <span class='ocrx_word' id='word_1_104' title='bbox 998 1600 1070 1640; x_wconf 90' lang='lat' dir='ltr'>cum</span> <span class='ocrx_word' id='word_1_105' title='bbox 1089 1581 1295 1658; x_wconf 88' lang='lat' dir='ltr'>plurimorum</span> 
     </span>
     <span class='ocr_line' id='line_1_14' title="bbox 287 1685 1294 1763; baseline 0.001 -19"><span class='ocrx_word' id='word_1_106' title='bbox 287 1685 376 1746; x_wconf 85' lang='lat' dir='ltr'>clade</span> <span class='ocrx_word' id='word_1_107' title='bbox 390 1685 517 1746; x_wconf 85' lang='lat' dir='ltr'>Aelium</span> <span class='ocrx_word' id='word_1_108' title='bbox 532 1686 695 1760; x_wconf 73' lang='lat' dir='ltr'>Seianum,</span> <span class='ocrx_word' id='word_1_109' title='bbox 711 1705 803 1762; x_wconf 91' lang='lat' dir='ltr'>quem</span> <span class='ocrx_word' id='word_1_110' title='bbox 818 1686 859 1745; x_wconf 88' lang='lat' dir='ltr'>ad</span> <span class='ocrx_word' id='word_1_111' title='bbox 873 1704 1027 1746; x_wconf 80' lang='lat' dir='ltr'>summani</span> <span class='ocrx_word' id='word_1_112' title='bbox 1042 1686 1216 1763; x_wconf 80' lang='lat' dir='ltr'>potentiani</span> <span class='ocrx_word' id='word_1_113' title='bbox 1230 1705 1294 1746; x_wconf 93' lang='lat' dir='ltr'>non</span> 
     </span>
     <span class='ocr_line' id='line_1_15' title="bbox 289 1790 1295 1868; baseline 0 -18"><span class='ocrx_word' id='word_1_114' title='bbox 289 1796 355 1850; x_wconf 89' lang='lat' dir='ltr'>tam</span> <span class='ocrx_word' id='word_1_115' title='bbox 369 1790 589 1851; x_wconf 82' lang='lat' dir='ltr'>benevolentia</span> <span class='ocrx_word' id='word_1_116' title='bbox 602 1799 798 1868; x_wconf 81' lang='lat' dir='ltr'>provexerat,</span> <span class='ocrx_word' id='word_1_117' title='bbox 820 1809 914 1867; x_wconf 90' lang='lat' dir='ltr'>quam</span> <span class='ocrx_word' id='word_1_118' title='bbox 936 1797 972 1849; x_wconf 94' lang='lat' dir='ltr'>ut</span> <span class='ocrx_word' id='word_1_119' title='bbox 992 1803 1077 1851; x_wconf 89' lang='lat' dir='ltr'>esset</span> <span class='ocrx_word' id='word_1_120' title='bbox 1095 1791 1185 1851; x_wconf 90' lang='lat' dir='ltr'>cuius</span> <span class='ocrx_word' id='word_1_121' title='bbox 1203 1791 1295 1850; x_wconf 90' lang='lat' dir='ltr'>mini-</span> 
     </span>
    </p>

    <p class='ocr_par' dir='ltr' id='par_1_6' title="bbox 243 1894 1294 2184">
     <span class='ocr_line' id='line_1_16' title="bbox 243 1894 1294 1970; baseline 0.002 -16"><span class='ocrx_word' id='word_1_122' title='bbox 243 1895 383 1955; x_wconf 80' lang='lat' dir='ltr'>locterio</span> <span class='ocrx_word' id='word_1_123' title='bbox 402 1913 439 1954; x_wconf 88' lang='lat' dir='ltr'>ac</span> <span class='ocrx_word' id='word_1_124' title='bbox 457 1894 623 1955; x_wconf 85' lang='lat' dir='ltr'>fraudibus</span> <span class='ocrx_word' id='word_1_125' title='bbox 644 1895 761 1955; x_wconf 83' lang='lat' dir='ltr'>liberos</span> <span class='ocrx_word' id='word_1_126' title='bbox 777 1896 957 1955; x_wconf 86' lang='lat' dir='ltr'>Germanici</span> <span class='ocrx_word' id='word_1_127' title='bbox 976 1896 1227 1970; x_wconf 83' lang='lat' dir='ltr'>circumveniret,</span> <span class='ocrx_word' id='word_1_128' title='bbox 1243 1916 1294 1956; x_wconf 83' lang='lat' dir='ltr'>ne</span> 
     </span>
     <span class='ocr_line' id='line_1_17' title="bbox 287 2000 1292 2078; baseline 0 -18"><span class='ocrx_word' id='word_1_129' title='bbox 287 2005 454 2078; x_wconf 78' lang='lat' dir='ltr'>potumque</span> <span class='ocrx_word' id='word_1_130' title='bbox 465 2020 557 2061; x_wconf 87' lang='lat' dir='ltr'>suum</span> <span class='ocrx_word' id='word_1_131' title='bbox 571 2020 611 2060; x_wconf 88' lang='lat' dir='ltr'>ex</span> <span class='ocrx_word' id='word_1_132' title='bbox 626 2000 730 2059; x_wconf 89' lang='lat' dir='ltr'>Druso</span> <span class='ocrx_word' id='word_1_133' title='bbox 744 2001 812 2059; x_wconf 88' lang='lat' dir='ltr'>fflio</span> <span class='ocrx_word' id='word_1_134' title='bbox 822 2000 998 2060; x_wconf 86' lang='lat' dir='ltr'>naturalem</span> <span class='ocrx_word' id='word_1_135' title='bbox 1009 2000 1050 2060; x_wconf 91' lang='lat' dir='ltr'>ad</span> <span class='ocrx_word' id='word_1_136' title='bbox 1064 2001 1292 2061; x_wconf 88' lang='lat' dir='ltr'>successionem</span> 
     </span>
     <span class='ocr_line' id='line_1_18' title="bbox 286 2105 630 2184; baseline 0.003 -20"><span class='ocrx_word' id='word_1_137' title='bbox 286 2106 411 2184; x_wconf 89' lang='lat' dir='ltr'>imperii</span> <span class='ocrx_word' id='word_1_138' title='bbox 425 2105 630 2165; x_wconf 86' lang='lat' dir='ltr'>confirmaret.</span> 
     </span>
    </p>

    <p class='ocr_par' dir='ltr' id='par_1_7' title="bbox 240 2210 1344 2921">
     <span class='ocr_line' id='line_1_19' title="bbox 326 2210 1344 2288; baseline -0.002 -19"><span class='ocrx_word' id='word_1_139' title='bbox 326 2210 437 2269; x_wconf 89' lang='lat' dir='ltr'>Nihilo</span> <span class='ocrx_word' id='word_1_140' title='bbox 454 2210 555 2270; x_wconf 87' lang='lat' dir='ltr'>lenior</span> <span class='ocrx_word' id='word_1_141' title='bbox 573 2211 607 2269; x_wconf 91' lang='lat' dir='ltr'>iu</span> <span class='ocrx_word' id='word_1_142' title='bbox 625 2210 821 2271; x_wconf 84' lang='lat' dir='ltr'>convictores</span> <span class='ocrx_word' id='word_1_143' title='bbox 837 2210 1019 2284; x_wconf 85' lang='lat' dir='ltr'>Graeculos,</span> <span class='ocrx_word' id='word_1_144' title='bbox 1034 2210 1148 2288; x_wconf 88' lang='lat' dir='ltr'>quibus</span> <span class='ocrx_word' id='word_1_145' title='bbox 1163 2211 1214 2270; x_wconf 91' lang='lat' dir='ltr'>vel</span> <span class='ocrx_word' id='word_1_146' title='bbox 1231 2232 1294 2271; x_wconf 84' lang='lat' dir='ltr'>ma-</span> <span class='ocrx_word' id='word_1_147' title='bbox 1306 2217 1344 2267; x_wconf 78' lang='lat' dir='ltr'>te</span> 
     </span>
     <span class='ocr_line' id='line_1_20' title="bbox 285 2316 1293 2426; baseline 0.004 -54"><span class='ocrx_word' id='word_1_148' title='bbox 285 2379 330 2426; x_wconf 54' lang='lat' dir='ltr'>m·</span> <span class='ocrx_word' id='word_1_149' title='bbox 341 2381 450 2426; x_wconf 61' lang='lat' dir='ltr'>mm</span> <span class='ocrx_word' id='word_1_150' title='bbox 512 2316 596 2375; x_wconf 83' lang='lat' dir='ltr'>xime</span> <span class='ocrx_word' id='word_1_151' title='bbox 617 2316 844 2393; x_wconf 81' lang='lat' dir='ltr'>acquiescebat</span> <span class='ocrx_word' id='word_1_152' title='bbox 885 2317 1049 2375; x_wconf 89' lang='lat' dir='ltr'>Xenonem</span> <span class='ocrx_word' id='word_1_153' title='bbox 1068 2316 1224 2394; x_wconf 89' lang='lat' dir='ltr'>quendam</span> <span class='ocrx_word' id='word_1_154' title='bbox 1242 2336 1293 2376; x_wconf 84' lang='lat' dir='ltr'>ex-</span> 
     </span>
     <span class='ocr_line' id='line_1_21' title="bbox 240 2420 1291 2498; baseline 0.004 -21"><span class='ocrx_word' id='word_1_155' title='bbox 240 2431 271 2477; x_wconf 76' lang='lat' dir='ltr'>au</span> <span class='ocrx_word' id='word_1_156' title='bbox 513 2420 662 2496; x_wconf 89' lang='lat' dir='ltr'>quisitius</span> <span class='ocrx_word' id='word_1_157' title='bbox 683 2420 943 2479; x_wconf 88' lang='lat' dir='ltr'>sermocinantem</span> <span class='ocrx_word' id='word_1_158' title='bbox 964 2439 1035 2480; x_wconf 89' lang='lat' dir='ltr'>omn</span> <span class='ocrx_word' id='word_1_159' title='bbox 1056 2420 1291 2498; x_wconf 86' lang='lat' dir='ltr'>interrogasset,</span> 
     </span>
     <span class='ocr_line' id='line_1_22' title="bbox 285 2517 1292 2604; baseline 0 -19"><span class='ocrx_word' id='word_1_160' title='bbox 285 2544 439 2603; x_wconf 89' lang='lat' dir='ltr'>quaenam</span> <span class='ocrx_word' id='word_1_161' title='bbox 456 2517 514 2584; x_wconf 88' lang='lat' dir='ltr'>illa</span> <span class='ocrx_word' id='word_1_162' title='bbox 528 2531 594 2585; x_wconf 90' lang='lat' dir='ltr'>tam</span> <span class='ocrx_word' id='word_1_163' title='bbox 614 2524 747 2585; x_wconf 89' lang='lat' dir='ltr'>molesta</span> <span class='ocrx_word' id='word_1_164' title='bbox 767 2525 918 2585; x_wconf 91' lang='lat' dir='ltr'>dialectos</span> <span class='ocrx_word' id='word_1_165' title='bbox 937 2532 1029 2599; x_wconf 89' lang='lat' dir='ltr'>esset,</span> <span class='ocrx_word' id='word_1_166' title='bbox 1045 2531 1078 2585; x_wconf 94' lang='lat' dir='ltr'>et</span> <span class='ocrx_word' id='word_1_167' title='bbox 1094 2525 1149 2585; x_wconf 90' lang='lat' dir='ltr'>ille</span> <span class='ocrx_word' id='word_1_168' title='bbox 1168 2545 1292 2604; x_wconf 91' lang='lat' dir='ltr'>respon·</span> 
     </span>
     <span class='ocr_line' id='line_1_23' title="bbox 285 2629 1291 2709; baseline 0.002 -20"><span class='ocrx_word' id='word_1_169' title='bbox 285 2631 384 2691; x_wconf 89' lang='lat' dir='ltr'>disset</span> <span class='ocrx_word' id='word_1_170' title='bbox 411 2630 571 2705; x_wconf 89' lang='lat' dir='ltr'>Doridem,</span> <span class='ocrx_word' id='word_1_171' title='bbox 594 2629 747 2706; x_wconf 81' lang='lat' dir='ltr'>relegavit</span> <span class='ocrx_word' id='word_1_172' title='bbox 774 2630 943 2705; x_wconf 86' lang='lat' dir='ltr'>Cinariam,</span> <span class='ocrx_word' id='word_1_173' title='bbox 970 2630 1154 2691; x_wconf 88' lang='lat' dir='ltr'>existimans</span> <span class='ocrx_word' id='word_1_174' title='bbox 1184 2650 1291 2709; x_wconf 84' lang='lat' dir='ltr'>expro</span> 
     </span>
     <span class='ocr_line' id='line_1_24' title="bbox 285 2735 1290 2811; baseline 0.001 -17"><span class='ocrx_word' id='word_1_175' title='bbox 285 2737 410 2795; x_wconf 90' lang='lat' dir='ltr'>bratum</span> <span class='ocrx_word' id='word_1_176' title='bbox 445 2735 506 2795; x_wconf 93' lang='lat' dir='ltr'>sibi</span> <span class='ocrx_word' id='word_1_177' title='bbox 541 2742 678 2795; x_wconf 84' lang='lat' dir='ltr'>veterem</span> <span class='ocrx_word' id='word_1_178' title='bbox 712 2754 880 2811; x_wconf 87' lang='lat' dir='ltr'>secessum,</span> <span class='ocrx_word' id='word_1_179' title='bbox 906 2736 990 2811; x_wconf 91' lang='lat' dir='ltr'>quod</span> <span class='ocrx_word' id='word_1_180' title='bbox 1024 2735 1137 2795; x_wconf 91' lang='lat' dir='ltr'>Dorice</span> <span class='ocrx_word' id='word_1_181' title='bbox 1172 2735 1290 2795; x_wconf 83' lang='lat' dir='ltr'>Rhodii</span> 
     </span>
     <span class='ocr_line' id='line_1_25' title="bbox 285 2841 1292 2921; baseline 0.002 -20"><span class='ocrx_word' id='word_1_182' title='bbox 285 2843 461 2920; x_wconf 86' lang='lat' dir='ltr'>loquantur.</span> <span class='ocrx_word' id='word_1_183' title='bbox 504 2843 586 2902; x_wconf 90' lang='lat' dir='ltr'>Item</span> <span class='ocrx_word' id='word_1_184' title='bbox 605 2862 676 2902; x_wconf 91' lang='lat' dir='ltr'>cum</span> <span class='ocrx_word' id='word_1_185' title='bbox 690 2843 805 2903; x_wconf 88' lang='lat' dir='ltr'>soleret</span> <span class='ocrx_word' id='word_1_186' title='bbox 822 2862 861 2901; x_wconf 88' lang='lat' dir='ltr'>ex</span> <span class='ocrx_word' id='word_1_187' title='bbox 877 2841 1011 2901; x_wconf 90' lang='lat' dir='ltr'>lectione</span> <span class='ocrx_word' id='word_1_188' title='bbox 1027 2842 1187 2903; x_wconf 90' lang='lat' dir='ltr'>cotidiana</span> <span class='ocrx_word' id='word_1_189' title='bbox 1200 2862 1292 2921; x_wconf 89' lang='lat' dir='ltr'>quae-</span> 
     </span>
    </p>

    <p class='ocr_par' dir='ltr' id='par_1_8' title="bbox 239 2947 1290 3449">
     <span class='ocr_line' id='line_1_26' title="bbox 239 2947 1290 3027; baseline -0.004 -17"><span class='ocrx_word' id='word_1_190' title='bbox 239 2966 268 3010; x_wconf 83' lang='lat'>25</span> <span class='ocrx_word' id='word_1_191' title='bbox 284 2948 402 3009; x_wconf 89' lang='lat' dir='ltr'>stiones</span> <span class='ocrx_word' id='word_1_192' title='bbox 419 2967 513 3026; x_wconf 89' lang='lat' dir='ltr'>super</span> <span class='ocrx_word' id='word_1_193' title='bbox 531 2966 639 3007; x_wconf 87' lang='lat' dir='ltr'>cenam</span> <span class='ocrx_word' id='word_1_194' title='bbox 661 2966 833 3027; x_wconf 87' lang='lat' dir='ltr'>proponere</span> <span class='ocrx_word' id='word_1_195' title='bbox 849 2952 882 3006; x_wconf 92' lang='lat' dir='ltr'>et</span> <span class='ocrx_word' id='word_1_196' title='bbox 900 2947 1103 3025; x_wconf 88' lang='lat' dir='ltr'>comperisset</span> <span class='ocrx_word' id='word_1_197' title='bbox 1126 2948 1290 3008; x_wconf 89' lang='lat' dir='ltr'>Seleucum</span> 
     </span>
     <span class='ocr_line' id='line_1_27' title="bbox 285 3052 1290 3131; baseline 0 -19"><span class='ocrx_word' id='word_1_198' title='bbox 285 3053 522 3130; x_wconf 88' lang='lat' dir='ltr'>grammaticum</span> <span class='ocrx_word' id='word_1_199' title='bbox 546 3072 566 3112; x_wconf 98' lang='lat' dir='ltr'>a</span> <span class='ocrx_word' id='word_1_200' title='bbox 589 3053 743 3114; x_wconf 89' lang='lat' dir='ltr'>ministris</span> <span class='ocrx_word' id='word_1_201' title='bbox 767 3053 833 3113; x_wconf 90' lang='lat' dir='ltr'>suis</span> <span class='ocrx_word' id='word_1_202' title='bbox 854 3052 1043 3131; x_wconf 87' lang='lat' dir='ltr'>perquirere,</span> <span class='ocrx_word' id='word_1_203' title='bbox 1067 3072 1145 3129; x_wconf 93' lang='lat' dir='ltr'>quos</span> <span class='ocrx_word' id='word_1_204' title='bbox 1166 3071 1290 3131; x_wconf 88' lang='lat' dir='ltr'>quoqne</span> 
     </span>
     <span class='ocr_line' id='line_1_28' title="bbox 284 3158 1290 3237; baseline 0.001 -20"><span class='ocrx_word' id='word_1_205' title='bbox 284 3165 423 3236; x_wconf 91' lang='lat' dir='ltr'>tempore</span> <span class='ocrx_word' id='word_1_206' title='bbox 437 3164 587 3218; x_wconf 83' lang='lat' dir='ltr'>tractaret</span> <span class='ocrx_word' id='word_1_207' title='bbox 602 3166 753 3235; x_wconf 90' lang='lat' dir='ltr'>auctores,</span> <span class='ocrx_word' id='word_1_208' title='bbox 769 3166 863 3237; x_wconf 90' lang='lat' dir='ltr'>atque</span> <span class='ocrx_word' id='word_1_209' title='bbox 878 3160 924 3219; x_wconf 89' lang='lat' dir='ltr'>ita</span> <span class='ocrx_word' id='word_1_210' title='bbox 938 3165 1158 3237; x_wconf 87' lang='lat' dir='ltr'>praeparatum</span> <span class='ocrx_word' id='word_1_211' title='bbox 1174 3158 1290 3232; x_wconf 83' lang='lat' dir='ltr'>venire,</span> 
     </span>
     <span class='ocr_line' id='line_1_29' title="bbox 284 3263 1289 3342; baseline 0 -20"><span class='ocrx_word' id='word_1_212' title='bbox 284 3264 421 3342; x_wconf 90' lang='lat' dir='ltr'>primum</span> <span class='ocrx_word' id='word_1_213' title='bbox 439 3283 459 3324; x_wconf 92' lang='lat' dir='ltr'>a</span> <span class='ocrx_word' id='word_1_214' title='bbox 476 3265 680 3325; x_wconf 91' lang='lat' dir='ltr'>contubernio</span> <span class='ocrx_word' id='word_1_215' title='bbox 698 3265 841 3341; x_wconf 82' lang='lat' dir='ltr'>removit,</span> <span class='ocrx_word' id='word_1_216' title='bbox 857 3265 970 3324; x_wconf 87' lang='lat' dir='ltr'>deiude</span> <span class='ocrx_word' id='word_1_217' title='bbox 989 3263 1139 3323; x_wconf 88' lang='lat' dir='ltr'>etiamad</span> <span class='ocrx_word' id='word_1_218' title='bbox 1159 3269 1289 3322; x_wconf 85' lang='lat' dir='ltr'>mortem</span> 
     </span>
     <span class='ocr_line' id='line_1_30' title="bbox 285 3368 446 3449; baseline 0.006 -20"><span class='ocrx_word' id='word_1_219' title='bbox 285 3368 446 3449; x_wconf 88' lang='lat' dir='ltr'>compulit.</span> 
     </span>
    </p>

    <p class='ocr_par' dir='ltr' id='par_1_9' title="bbox 240 3469 1387 3765">
     <span class='ocr_line' id='line_1_31' title="bbox 240 3469 1387 3555; baseline -0.003 -22"><span class='ocrx_word' id='word_1_220' title='bbox 240 3469 270 3533; x_wconf 76' lang='lat' dir='ltr'>&#39;ao</span> <span class='ocrx_word' id='word_1_221' title='bbox 327 3478 426 3537; x_wconf 79' lang='lat' dir='ltr'>Saeva</span> <span class='ocrx_word' id='word_1_222' title='bbox 436 3496 472 3536; x_wconf 90' lang='lat' dir='ltr'>ac</span> <span class='ocrx_word' id='word_1_223' title='bbox 486 3476 574 3537; x_wconf 87' lang='lat' dir='ltr'>lenta</span> <span class='ocrx_word' id='word_1_224' title='bbox 586 3483 699 3537; x_wconf 89' lang='lat' dir='ltr'>natura</span> <span class='ocrx_word' id='word_1_225' title='bbox 709 3495 749 3535; x_wconf 92' lang='lat' dir='ltr'>ne</span> <span class='ocrx_word' id='word_1_226' title='bbox 764 3475 797 3535; x_wconf 92' lang='lat' dir='ltr'>in</span> <span class='ocrx_word' id='word_1_227' title='bbox 811 3496 908 3555; x_wconf 89' lang='lat' dir='ltr'>puero</span> <span class='ocrx_word' id='word_1_228' title='bbox 918 3476 1047 3555; x_wconf 90' lang='lat' dir='ltr'>quidem</span> <span class='ocrx_word' id='word_1_229' title='bbox 1062 3475 1174 3535; x_wconf 91' lang='lat' dir='ltr'>latuit:</span> <span class='ocrx_word' id='word_1_230' title='bbox 1197 3493 1288 3553; x_wconf 91' lang='lat' dir='ltr'>quam</span> <span class='ocrx_word' id='word_1_231' title='bbox 1304 3478 1340 3530; x_wconf 81' lang='grc'>57</span> <span class='ocrx_word' id='word_1_232' title='bbox 1384 3493 1387 3499; x_wconf 91' lang='grc'>·</span> 
     </span>
     <span class='ocr_line' id='line_1_32' title="bbox 285 3580 1291 3660; baseline -0.003 -18"><span class='ocrx_word' id='word_1_233' title='bbox 285 3582 468 3642; x_wconf 82' lang='lat' dir='ltr'>Theodorus</span> <span class='ocrx_word' id='word_1_234' title='bbox 483 3582 645 3643; x_wconf 85' lang='lat' dir='ltr'>Gadareus</span> <span class='ocrx_word' id='word_1_235' title='bbox 659 3580 833 3641; x_wconf 88' lang='lat' dir='ltr'>rhetoricae</span> <span class='ocrx_word' id='word_1_236' title='bbox 850 3587 1032 3660; x_wconf 90' lang='lat' dir='ltr'>praeceptor</span> <span class='ocrx_word' id='word_1_237' title='bbox 1046 3587 1078 3642; x_wconf 89' lang='lat' dir='ltr'>et</span> <span class='ocrx_word' id='word_1_238' title='bbox 1093 3581 1291 3660; x_wconf 84' lang='lat' dir='ltr'>perspexisse</span> 
     </span>
     <span class='ocr_line' id='line_1_33' title="bbox 286 3685 1292 3765; baseline -0.001 -19"><span class='ocrx_word' id='word_1_239' title='bbox 286 3687 406 3765; x_wconf 89' lang='lat' dir='ltr'>primus</span> <span class='ocrx_word' id='word_1_240' title='bbox 426 3685 579 3761; x_wconf 84' lang='lat' dir='ltr'>sagaciter</span> <span class='ocrx_word' id='word_1_241' title='bbox 593 3692 625 3746; x_wconf 91' lang='lat' dir='ltr'>et</span> <span class='ocrx_word' id='word_1_242' title='bbox 638 3685 830 3747; x_wconf 89' lang='lat' dir='ltr'>assimilasse</span> <span class='ocrx_word' id='word_1_243' title='bbox 849 3686 1012 3764; x_wconf 88' lang='lat' dir='ltr'>aptissime</span> <span class='ocrx_word' id='word_1_244' title='bbox 1034 3687 1121 3748; x_wconf 82' lang='lat' dir='ltr'>visus</span> <span class='ocrx_word' id='word_1_245' title='bbox 1142 3693 1201 3761; x_wconf 91' lang='lat' dir='ltr'>est,</span> <span class='ocrx_word' id='word_1_246' title='bbox 1224 3688 1292 3746; x_wconf 87' lang='lat' dir='ltr'>sub</span> 
     </span>
    </p>
   </div>
   <div class='ocr_carea' id='block_1_3' title="bbox 0 0 1496 4359">
    <p class='ocr_par' dir='ltr' id='par_1_10' title="bbox 0 0 1496 4359">
     <span class='ocr_line' id='line_1_34' title="bbox 0 0 1496 4359; baseline 0 5"><span class='ocrx_word' id='word_1_247' title='bbox 0 0 1496 4359; x_wconf 95' lang='lat' dir='ltr'> </span> 
     </span>
    </p>
   </div>
  </div>
 </body>
</html>
