2984 4359
308 275 371 339 122
409 288 438 339 c.
460 288 933 352 1111111111111111111
957 294 1269 350 1111111111111

306 461 426 522 refotus
441 461 565 539 saepius
583 461 695 523 calidis
715 462 844 540 piscinis
866 482 902 524 ac
923 470 1063 543 tempore
1085 469 1206 529 aestivo
1227 472 1312 532 niva-

530 566 589 643 tis3
609 567 829 645 cenitabatque
840 588 1075 647 nonnumquam
1087 577 1119 632 et
1129 572 1163 631 in
1174 574 1308 651 publico,

530 672 717 732 naumachia
737 671 901 750 praeclusa
921 674 972 733 vel
994 675 1113 735 Martio
1134 695 1244 756 campo
1258 680 1308 739 vel

530 776 621 837 Circo
641 777 791 851 Maxima
810 778 892 838 inter
912 785 1084 840 scortorum
1103 781 1202 841 totius
1222 784 1308 844 urbis

273 899 289 944 t
305 887 336 942 et
350 882 585 942 ambubaiarum
600 882 785 942 ministeria.
802 919 805 924 >
828 883 979 953 Quotiens
995 885 1118 945 Ostiam
1137 887 1244 948 Tiberi
1260 890 1309 948 de

304 987 414 1048 flueret
435 994 489 1049 aut
513 988 668 1048 Baianum
693 989 796 1049 sinum
819 990 1115 1067 praetemavigaret,
1137 992 1307 1070 dispositae

304 1112 359 1171 per
374 1092 467 1153 litora
481 1099 512 1153 et
526 1094 611 1172 ripas
627 1094 823 1153 deuersoriae
840 1095 989 1155 tabernae
1007 1096 1199 1173 parabantur
1215 1098 1308 1175 insig-

303 1217 359 1258 nes
388 1217 486 1274 ganea
513 1205 545 1257 et
572 1206 786 1259 matronarum
811 1198 970 1259 institorio
995 1219 1088 1278 copas
1114 1200 1306 1262 imitantium

302 1310 397 1380 atque
420 1304 495 1363 hinc
520 1303 594 1362 inde
621 1303 816 1364 hortantium
843 1310 880 1363 ut
907 1304 1087 1382 appelleret.
1141 1307 1307 1367 Indicabat

258 1422 287 1467 10
302 1414 334 1466 et
355 1408 566 1469 familiaribus
588 1427 689 1484 cenas,
712 1428 845 1486 quorum
870 1409 926 1468 uni
948 1409 1096 1470 mitellita
1121 1412 1306 1488 quadragies

302 1513 480 1573 sestertium
495 1513 649 1589 constitit,
664 1513 757 1573 alteri
772 1514 873 1592 pluris
887 1514 1051 1591 aliquanto
1065 1516 1192 1575 rosaria.

305 645 350 692 llis
360 646 443 693 revel·
455 646 505 692 and

305 719 482 766 debacchante

341 1723 533 1784 Diuitiarum
561 1729 594 1783 et
620 1723 771 1802 pecuniae
799 1724 937 1784 fructum
965 1744 1028 1784 non
1052 1725 1148 1785 aliurn
1175 1728 1306 1804 putabat
1320 1740 1358 1791 30
1483 1751 1484 1800 l

301 1848 396 1907 quam
410 1829 634 1907 profusionem,
646 1833 785 1888 sordidos
799 1849 834 1888 uc
848 1833 991 1905 deparcos
1001 1848 1064 1889 esse
1077 1834 1186 1905 quibus
1199 1837 1306 1907 impau-

419 2002 424 2013 ‚
527 1954 631 1993 aarum
645 1938 724 1992 ratio
735 1943 891 2008 constaret,
899 1937 1078 2009 praelautos
1092 1955 1306 2015 1111111119-

257 2002 458 2104 11Ρωωιὲιιῒγ
525 2043 629 2115 uiflcos
642 2044 696 2114 qui
712 2042 906 2098 abuterentur
924 2059 960 2099 ac
975 2044 1143 2114 perderent.
1188 2042 1306 2102 Lauda·

300 2144 354 2204 bat
368 2144 602 2221 mirabaturque
616 2144 805 2203 avunculum
821 2145 937 2205 Gaium
952 2144 1040 2203 nullo
1054 2145 1155 2222 magis
1170 2146 1305 2223 nomine,

301 2268 393 2326 quam
406 2249 490 2327 quod
505 2249 642 2325 ingentis
657 2268 676 2309 a
690 2249 816 2309 Tiberio
826 2249 953 2309 relictas
965 2269 1038 2326 opes
1053 2250 1087 2308 in
1101 2250 1188 2335 brevi
1204 2252 1306 2328 spatio

288 2355 503 2432 ‘prodegisset
547 2354 647 2424 Quare
662 2374 718 2414 nec
733 2354 888 2431 largiendi
903 2373 959 2413 nec
979 2355 1164 2415 absumendi
1178 2358 1305 2416 modum

301 2460 410 2519 tenuit.
454 2460 492 2518 In
510 2459 693 2533 Tiridatem,
709 2460 794 2537 quod
812 2460 865 2518 vix
880 2459 1029 2519 credibile
1043 2459 1196 2535 videatur,
1211 2461 1306 2521 octin-

256 2582 381 2641 ungena
404 2584 567 2623 numinum
591 2564 680 2623 milia
701 2564 815 2624 diurna
840 2564 980 2640 erogavit
1001 2564 1190 2643 abeuntique
1213 2585 1306 2644 super

191 2658 195 2666 ⁸
302 2670 480 2731 sestertium
503 2670 605 2729 milies
631 2668 773 2728 contulit.
817 2671 1017 2728 Menecraten
1039 2669 1252 2730 citharoedum
1274 2678 1306 2730 et

303 2775 464 2853 Spiculum
501 2774 724 2834 mirmillonem
760 2773 1001 2851 triumphalium
1036 2773 1174 2833 virorum
1213 2776 1306 2854 patri·

302 2880 414 2941 moniis
436 2880 627 2957 aedibusque
650 2880 788 2939 donavit.
841 2870 1098 2957 Cercopithecum
1121 2880 1303 2941 Panerotem

301 2987 520 3061 feneratorem,
532 2991 563 3045 et
574 2985 702 3045 urbanis
714 2985 902 3061 rusticisque
917 2984 1056 3062 praediis
1070 2984 1305 3062 locupletatum,

256 3113 285 3159 25
302 3111 397 3170 prope
418 3092 504 3167 regio
524 3091 639 3150 extulit
660 3091 779 3150 funere.
822 3089 953 3149 Nullam
974 3094 1095 3148 vestem
1117 3090 1166 3150 bis
1191 3090 1304 3150 induit.

302 3196 529 3272 Quadringenis
543 3197 578 3255 in
592 3202 743 3275 punctum
756 3195 909 3255 sestertiis
925 3195 1026 3253 aleam
1040 3194 1125 3256 lusit.
1161 3194 1306 3256 Piscatns

303 3308 351 3361 est
365 3307 430 3362 rete
445 3309 555 3362 aurato
569 3308 601 3361 11
615 3320 753 3379 purpura
767 3320 918 3377 coccoque
931 3299 1062 3359 funibus
1076 3300 1173 3360 nexis.
1210 3301 1306 3360 Num-

303 3426 397 3486 quam
420 3408 526 3467 minus
548 3407 636 3467 mille
661 3406 798 3467 carrucis
823 3405 936 3465 fecisse
958 3405 1020 3493 1111
1041 3405 1186 3479 traditur,
1213 3405 1306 3466 soleis

302 3513 456 3572 mularum
489 3512 654 3589 argenteis,
689 3511 883 3572 canusinatis
918 3510 1119 3585 mulionibus,
1148 3510 1307 3571 armillata

257 3646 287 3690 30
303 3617 526 3696 phalerataque
547 3619 709 3677 Mazacum
730 3617 937 3693 turbantque
959 3634 1126 3676 cursorum.

343 3723 416 3781 Non
430 3721 465 3779 in
478 3720 541 3780 alia
559 3740 592 3781 re
609 3728 715 3780 tamen
736 3720 914 3780 damnosior
934 3738 1029 3797 quam
1049 3719 1083 3779 in
1099 3720 1306 3795 aedificando,
1321 3729 1357 3780 31
