2984 4359
294 288 336 352 44
371 299 401 351 0.
424 296 580 350 10111011
602 295 831 360 recreemur
853 297 903 348 nn
926 296 1018 347 vira
1042 295 1245 349 cassanum

294 479 330 533 ut
344 470 472 551 plurimi
486 470 623 546 tradant,
638 469 786 548 quotiens
805 469 912 547 aliquo
926 469 1090 530 adveniret
1103 470 1154 530 vel
1170 470 1299 530 sicunde

294 577 477 652 discederet,
505 594 580 654 prae
614 575 707 635 turba
736 573 967 635 occurrentium
1003 574 1299 654 prosequentiumve

271 699 528 759 nonnumquam
552 699 624 740 eum
648 679 816 740 discrimen
841 679 927 740 vitae
950 679 1063 755 adisse,
1088 698 1106 739 e
1130 681 1299 741 Germania

295 806 368 848 vero
381 792 453 865 post
466 804 675 864 compressam
690 784 877 845 seditionem
895 784 1065 845 revertenti
1084 784 1299 863 praetorianas

262 893 436 954 rcohortes
457 891 620 951 universas
641 889 783 968 prodisse
804 890 938 966 obviarn,
954 890 1099 968 quamvis
1119 892 1300 969 pronuntia-

293 1005 361 1059 tum
383 1002 466 1058 esset
487 1001 523 1057 ut
547 996 628 1056 duae
650 1001 775 1055 tantum
796 996 888 1055 modo
910 994 1041 1071 exirent,
1064 996 1173 1075 populi
1194 1001 1299 1057 autern

294 1103 428 1164 Romani
447 1121 566 1177 sexum,
581 1106 725 1175 aetatem,
740 1100 881 1160 ordinem
901 1119 1024 1161 ornnem
1043 1120 1142 1179 usque
1161 1102 1203 1162 ad
1220 1100 1300 1162 vioe·

294 1210 408 1270 sirnum
431 1207 569 1287 lapidem
594 1205 744 1266 effudisse
769 1225 811 1266 se.
864 1207 984 1266 Tamen
1008 1206 1100 1283 longe
1125 1207 1244 1267 maiora
1267 1213 1330 1268 eto

294 1358 391 1405 sorrow
401 1359 430 1404 at
520 1311 660 1371 firmiora
687 1310 726 1370 de
754 1329 791 1371 eo
819 1310 936 1371 iudicia
963 1312 997 1370 in
1028 1317 1126 1372 morte
1159 1330 1196 1372 ao
1228 1319 1299 1390 post

249 1432 279 1477 10
294 1430 453 1479 1001011111
521 1423 653 1477 mortem
666 1416 866 1477 exstiterunt.
909 1416 977 1487 Quo
991 1416 1160 1477 defunctus
1174 1423 1223 1477 est
1237 1417 1298 1492 die,

519 1521 661 1600 lapidata
679 1527 754 1582 sunt
771 1520 899 1599 templa,
915 1522 1082 1582 subversae
1103 1522 1196 1582 deum
1218 1541 1299 1597 arae,

294 1628 390 1688 Lares
404 1646 424 1687 a
437 1627 625 1705 quibusdam
640 1626 814 1687 familiares
828 1627 861 1685 in
876 1626 1038 1704 publicum
1052 1627 1175 1702 abiecti,
1190 1633 1299 1706 partus

294 1732 461 1808 coniugum
488 1732 633 1810 expositi.
689 1732 773 1803 Quin
801 1738 834 1791 et
861 1732 1008 1791 barbaros
1041 1732 1157 1807 ferrmt,
1186 1732 1300 1810 quibus

294 1837 480 1897 intestinum
504 1837 680 1915 quibusque
706 1838 857 1897 adversus
881 1855 938 1897 nos
959 1836 1077 1896 bellum
1098 1843 1190 1912 esset,
1212 1837 1301 1896 velut

250 1955 279 2000 11
294 1943 329 2002 in
346 1942 518 2002 domestico
537 1941 757 2020 communique
777 1960 925 2017 maerore,
940 1942 1134 2003 consensisse
1153 1943 1194 2002 ad
1212 1943 1302 2002 indu-

183 2113 185 2116 ,
295 2047 373 2123 1111;
396 2046 519 2123 regulos
534 2048 686 2124 quosdam
701 2048 829 2108 barbam
848 2047 989 2125 posuisse
1004 2053 1036 2106 et
1050 2067 1183 2107 uxorum
1198 2050 1301 2126 capita

294 1508 371 1555 dorth

295 2153 411 2213 rasisse
429 2154 470 2213 ad
487 2153 640 2213 indicium
659 2152 790 2213 maximi
811 2152 933 2228 luctus;
955 2171 1063 2228 regum
1082 2154 1178 2213 etiam
1197 2170 1299 2228 regern

296 2263 328 2318 et
349 2258 571 2318 exercitatione
593 2259 728 2318 venandi
754 2264 786 2317 et
808 2258 954 2317 convictu
978 2259 1186 2335 megistanum
1208 2258 1301 2317 absti-

294 2364 411 2439 nuisse,
434 2364 517 2440 quod
537 2363 622 2439 apud
646 2362 783 2422 Parthos
807 2362 925 2423 iustitii
950 2362 1050 2422 instar
1075 2368 1131 2422 est
1183 2363 1335 2423 Romae6

249 2480 280 2527 20
296 2465 432 2542 quidem,
453 2483 525 2525 cum
546 2466 587 2525 ad
607 2465 742 2542 primam
764 2464 882 2524 famam
902 2465 1094 2526 valetudinis
1115 2467 1250 2528 attonita
1270 2473 1302 2526 et

296 2576 416 2630 maesta
436 2570 548 2631 civitas
570 2571 731 2648 sequentis
754 2570 882 2630 nuntios
904 2571 1100 2648 opperiretur
1120 2565 1313 2650 strepente

295 2676 359 2736 iam
376 2677 499 2755 vesperi
517 2676 646 2737 incertis
668 2676 848 2737 auctoribus
871 2675 1069 2737 convaluisse
1089 2678 1218 2737 tandem
1237 2697 1303 2755 per-

295 2783 492 2858 crebruisset,
508 2782 626 2861 passim
640 2801 711 2843 curn
726 2782 899 2842 luminibus
918 2787 950 2841 et
965 2781 1104 2841 victimis
1124 2782 1159 2841 in
1179 2782 1303 2860 Capito

296 2888 375 2947 lium
396 2907 578 2949 concursum
602 2894 651 2949 est
673 2907 708 2948 ac
732 2906 831 2965 paene
855 2887 995 2947 revolsae
1017 2887 1130 2964 templi
1152 2887 1246 2963 fores,
1263 2906 1303 2947 ne

250 3004 280 3049 25
296 2994 374 3070 quid
395 2994 559 3071 gestientis
578 2999 652 3054 vota
670 2994 801 3053 reddere
819 2997 1007 3067 moraretur3
1029 2992 1269 3070 expergefactus
1286 3010 1303 3052 e

297 3118 405 3159 somno
419 3099 564 3160 Tiberius
579 3098 807 3175 gratulantium
817 3097 946 3158 vocibus
964 3103 1058 3175 atque
1077 3096 1217 3175 undique
1231 3116 1303 3158 con-

296 3204 485 3265 cinentium:

377 3311 474 3371 Salon
488 3312 598 3385 Romo,
614 3311 824 3385 1010000010,
840 3310 943 3368 101001
954 3317 997 3367 est
1014 3308 1222 3369 &ammerbac

297 3417 340 3475 Et
354 3421 390 3475 ut
403 3416 528 3475 demum
543 3416 611 3475 fato
623 3415 768 3474 functum
779 3413 883 3490 palam
897 3413 1019 3473 factum
1030 3419 1088 3489 est,
1099 3432 1161 3473 non
1178 3413 1304 3475 solaciis

253 3528 282 3573 ³0
298 3520 383 3596 ullis,
398 3540 461 3580 non
476 3520 588 3580 edictis
601 3499 738 3579 inhiberi
753 3518 858 3578 luctus
873 3518 1018 3596 publicus
1037 3519 1151 3596 potuit,
1167 3519 1306 3579 duravit-

299 3644 360 3703 que
374 3625 470 3685 etiam
484 3644 540 3702 per
553 3626 653 3684 festos
672 3623 855 3683 Decembris
875 3623 993 3683 mensis
1008 3623 1084 3683 dies.
1127 3623 1230 3685 Auxit
1244 3624 1306 3700 glo

299 3731 380 3790 riam
400 3728 652 3807 desideriumque
673 3728 818 3788 defuncti
842 3737 874 3787 et
898 3727 1047 3788 atrocitas
1069 3728 1305 3806 insequentium
