2984 4359
519 289 631 341 mass
654 290 702 340 vi.
755 288 861 340 usuc.
1131 273 1195 350 123

179 461 314 521 domum
343 481 363 521 a
388 460 514 522 Palatio
540 461 702 539 Esquilias
728 479 828 538 usquc
857 460 943 535 fecit,
972 478 1066 537 quam
1094 459 1196 536 primo

179 571 407 641 transitoriam,
434 586 506 625 mox
532 566 676 627 incendio
701 566 901 644 absumptam
926 583 970 624 re-

180 672 397 749 stitutamque
422 691 549 731 auream
576 672 760 731 nominavit.
805 672 853 730 De
881 670 969 730 cuius

181 778 290 854 spatio
310 783 406 854 atque
428 775 516 836 cultu
537 776 696 838 suffecerit
717 776 794 836 haec
813 775 967 835 retulisse.

180 881 389 942 Vestibulum
409 881 476 942 eius
491 881 565 958 luit,
578 882 613 940 in
627 900 689 958 quo
707 881 847 941 colossus
862 880 952 940 CXX
966 880 1081 957 pedum
1097 886 1195 940 staret
1210 892 1226 937 s

180 987 286 1064 ipsius
302 985 421 1063 effigie,
443 992 535 1046 tanta
548 985 674 1060 laxitas,
686 992 721 1045 ut
735 985 875 1064 porticus
886 984 1027 1062 triplices
1042 983 1194 1045 miliarias

180 1091 334 1167 haberet3
371 1091 448 1151 item
483 1097 629 1168 stagnum
664 1090 760 1151 maris
795 1090 905 1165 instar,
933 1090 1194 1167 circumsaeptum

181 1196 340 1257 aedificiis
362 1196 402 1256 ad
424 1196 547 1257 urbium
570 1197 722 1274 speciem3
744 1214 819 1256 rura
839 1196 976 1273 insuper,
996 1195 1080 1255 arvis
1100 1200 1194 1272 atque

182 1304 303 1361 vinetis
318 1307 351 1361 et
369 1302 495 1379 pascuis
510 1299 663 1378 silvisque
677 1301 774 1375 varia,
789 1319 858 1360 cum
874 1299 1079 1359 multitudine
1093 1299 1194 1359 omnis

182 1409 310 1482 generis
325 1407 479 1484 pecudum
494 1425 530 1466 ac
544 1407 691 1466 ferarum.
735 1407 774 1464 In
792 1406 904 1465 ceteris
926 1404 1068 1483 partibus
1083 1409 1195 1464 cuncta
1211 1418 1240 1463 10

182 1530 260 1571 auro
286 1512 353 1585 lita,
378 1512 529 1571 distincta
549 1511 681 1587 gemmis
705 1510 918 1587 unionumque
939 1509 1066 1569 conchis
1087 1516 1192 1585 erant,

182 1618 366 1676 cenationes
394 1616 556 1693 laqueatae
585 1616 702 1676 tabulis
737 1615 883 1675 eburneis
918 1614 1130 1689 versatilibus,
1158 1619 1194 1674 ut

183 1721 287 1797 flores,
301 1721 461 1796 fistulatis,
476 1727 512 1781 ut
526 1727 688 1796 unguenta
702 1721 836 1798 desuper
851 1725 1087 1800 spargerentur3
1109 1737 1195 1796 prae·

183 1827 279 1905 cipua
298 1827 498 1886 cenationum
516 1826 659 1900 rotunda,
675 1844 756 1902 quae
774 1830 925 1903 perpetuo
943 1824 1052 1884 diebus
1072 1842 1107 1884 ac
1125 1842 1195 1883 noc-

183 1931 271 1990 tibus
301 1932 369 1991 vice
397 1932 505 1991 mundi
530 1931 808 2006 circumageretur3
837 1928 979 1989 balineae
1007 1928 1137 1988 marinis
1163 1936 1194 1988 et
1211 1945 1239 1989 15

184 2035 300 2095 albulis
315 2035 447 2096 fluentes
462 2037 561 2112 aquis.
602 2036 680 2094 Eius
690 2035 777 2093 modi
791 2034 918 2093 domum
932 2052 1002 2092 cum
1018 2033 1192 2093 absolutam

185 2141 353 2214 dedicaret,
366 2141 517 2201 hactenus
532 2139 755 2217 comprobavit,
771 2145 807 2198 ut
821 2158 851 2198 oe
866 2139 984 2198 diceret
998 2142 1088 2214 quasi
1102 2140 1194 2197 homi-

185 2249 388 2305 cantandam
403 2248 538 2305 habitare
553 2249 690 2320 coepisse.

225 2349 394 2409 Praeterea
416 2349 583 2409 incohabat
607 2349 762 2427 piscinam
785 2368 804 2409 a
823 2349 947 2409 Miseno
969 2349 1008 2407 ad
1031 2348 1193 2408 Avernum

187 2454 297 2529 lacum,
313 2460 488 2515 contectam
507 2455 741 2533 porticibusque
759 2454 946 2529 conclusam,
961 2473 1023 2530 quo
1038 2445 1194 2530 quidquid
1210 2467 1239 2510 20

186 2560 261 2619 totis
277 2560 364 2620 Baiis
382 2559 554 2620 calidarum
574 2578 726 2637 aquarum
745 2565 829 2619 esset
844 2578 968 2619 conver·
992 2625 1163 2673 mmm

187 2670 320 2741 teretur3
343 2665 460 2725 fossam
476 2666 515 2724 ab
529 2665 657 2724 Averno
673 2665 795 2725 Ostiam
811 2683 919 2741 usque,
930 2668 967 2724 ut
1262 2744 1266 2751 Ι

186 2770 319 2829 navibus
340 2788 396 2829 nec
415 2776 522 2829 tamen
542 2771 621 2830 mari
640 2770 750 2845 iretur,
766 2769 974 2845 longitudinis
992 2787 1048 2847 per
1066 2774 1193 2829 centum

188 2874 351 2950 sexaginta
365 2874 462 2949 milia,
478 2874 669 2950 latitudinis,
686 2894 749 2953 qua
763 2875 937 2935 contrariae
952 2874 1193 2951 quinqueremes

187 2985 402 3039 commearent.
458 2980 596 3050 Quorum
633 3000 761 3058 operum
796 2979 1057 3058 perficiendorum
1092 2979 1238 3055 gratiaco

188 3083 269 3159 quod
287 3084 403 3161 ubique
423 3091 506 3145 esset
528 3086 688 3147 custodiae
709 3087 743 3146 in
763 3086 891 3146 Italiam
910 3085 1078 3163 deportari,
1097 3084 1193 3144 etiam

188 3188 301 3248 scelere
315 3191 475 3251 convictos
490 3192 616 3251 nonnisi
631 3192 672 3251 ad
685 3211 765 3269 opus
780 3192 922 3252 damnari
936 3197 1144 3269 praeceperat.

226 3294 277 3353 Ad
292 3293 375 3354 hunc
391 3294 620 3374 impendiorum
636 3298 784 3373 furorem,
795 3316 888 3375 super
899 3296 1046 3357 fiduciam
1058 3294 1192 3374 imperii,

187 3400 286 3459 etiam<
296 3418 352 3477 spe
364 3401 500 3479 quadam
516 3402 682 3480 repentina
695 3404 918 3464 immensarum
933 3409 965 3463 et

188 3505 418 3565 reconditarum
439 3526 533 3584 opum
556 3507 710 3585 impulsus
725 3515 774 3569 est
793 3529 832 3568 ex
847 3508 965 3569 indicio

187 3611 301 3686 equitis
332 3612 469 3671 Romani
504 3630 561 3689 pro
587 3619 746 3690 comperto
775 3613 964 3691 pollicentis,

187 3714 348 3776 thesauros
363 3715 604 3792 antiquissimae
621 3736 722 3793 gazae,
744 3736 824 3796 quos
845 3716 929 3778 Dido
943 3718 1051 3793 regina
1068 3718 1193 3793 fugiens

995 647 1049 694 Tire
1059 647 1152 695 Golden

994 722 1078 769 Horae

991 3479 1044 3525 The
1054 3480 1145 3527 hiddea

990 3555 1107 3600 measure
1209 3522 1239 3568 ³⁰
