2984 4359
392 278 504 329 nmen
528 279 560 328 v.
615 277 727 328 uivus
751 274 945 328 susumus.
1131 264 1173 328 83

156 456 274 510 senatu
292 450 435 526 segniore
452 449 486 507 in
503 449 712 527 exsequendis
726 447 892 508 conatibus
911 466 967 525 per
983 447 1122 507 taedium
1137 465 1173 507 ac

156 554 393 616 dissensionem
409 553 534 613 diversa
548 551 752 627 censentium,
762 558 794 612 et
808 552 1013 612 multitudine
1023 571 1103 630 quae
1117 551 1174 612 cir·

156 661 343 721 cumstabat
358 679 454 719 unum
474 665 624 718 rectorem
640 657 701 717 iam
721 663 754 716 et
772 656 957 717 nominatim
976 663 1171 735 exposcente,

156 772 303 825 armatos
324 784 381 843 pro
402 763 547 824 contione
567 763 669 822 iurare
692 762 725 821 iu
746 780 860 821 nomen
881 781 972 821 suum
993 780 1104 840 passus
1124 768 1173 823 est

156 871 373 949 promisitque
395 868 529 944 singulis
553 868 650 945 quina
674 867 756 926 dena
779 866 933 941 sestertia,
956 867 1075 944 primus
1100 868 1210 935 Cae-5

158 996 269 1036 sarum
290 975 384 1036 fidem
404 973 516 1034 militis
536 972 631 1031 etiam
652 971 790 1049 praemio
810 971 1001 1050 pigneratus.

109 1100 143 1149 11
199 1079 347 1160 Imperio
356 1079 505 1152 stabilito,
517 1077 598 1137 nihil
609 1077 771 1154 antiquius
781 1076 873 1137 duxit
884 1097 978 1155 quam
989 1077 1022 1138 id
1032 1078 1171 1155 biduum,

158 1207 224 1265 quc
239 1188 281 1248 de
296 1186 447 1245 mutando
458 1184 503 1243 rei
518 1182 661 1261 publicae
675 1187 761 1243 statu
773 1181 962 1243 haesitatum
973 1191 1050 1259 erat,
1061 1203 1172 1244 memo

159 1294 227 1355 riae
239 1293 403 1371 eximere..
432 1288 580 1350 Omnium
596 1287 701 1364 itaque
714 1288 870 1347 factorum
884 1288 946 1348 dic·
970 1355 1041 1403 m
1051 1357 1109 1403 m

159 1406 332 1477 torumque
347 1398 380 1456 in
395 1417 432 1457 eo
446 1397 569 1456 veniam
581 1402 613 1455 et
627 1395 815 1462 oblivionem
831 1396 865 1454 in
879 1415 946 1473 per·
1188 1411 1218 1457 10

161 1511 296 1582 petuum
318 1503 424 1564 sanxit
442 1521 477 1562 ac
498 1501 666 1580 praestitit,
682 1501 818 1562 tribunis
837 1502 929 1562 modo
948 1521 984 1563 ac
998 1504 1171 1564 centurion·

161 1610 235 1676 ibus
250 1608 361 1689 paucis
372 1608 627 1668 econiuratorum
645 1606 678 1664 in
690 1605 804 1666 Gaium
818 1625 948 1667 numero
962 1608 1170 1688 interemptis,

162 1715 304 1793 exempli
319 1714 413 1774 simul
432 1732 527 1773 causa
545 1719 578 1771 et
596 1711 680 1789 quod
694 1730 784 1771 suam
803 1730 927 1790 quoque
940 1715 1064 1774 caedem
1081 1715 1171 1793 depo

163 1822 305 1899 poscisse
326 1824 520 1895 cognoverat.
564 1817 740 1878 Conversus
759 1817 834 1877 hinc
853 1818 894 1877 ad
913 1818 1013 1880 officia
1031 1819 1169 1898 pietatis,

163 1927 214 1987 ius
229 1925 399 1985 iurandum
416 1942 517 2001 neque
533 1924 672 1983 sanctius
687 1922 748 1982 sibi
762 1941 863 2001 neque
878 1924 1015 1985 crebrius
1030 1925 1171 1986 instituit
1188 1939 1216 1985 15

164 2051 261 2110 quam
281 2049 338 2108 per
355 2030 544 2105 Augustum.
587 2029 687 2088 Aviae
706 2028 816 2088 Liviae
838 2028 962 2090 divinos
984 2030 1116 2092 honores
1139 2038 1171 2091 et

164 2136 300 2196 circensi
322 2153 437 2213 pompa
460 2153 585 2194 currum
612 2133 858 2211 elephantorum,
884 2135 1064 2211 Augustino
1088 2136 1171 2198 simi-

164 2241 237 2317 lem,
267 2241 463 2300 decernenda
489 2240 627 2314 curavit,
657 2239 839 2316 parentibus
867 2240 997 2302 inferias
1018 2242 1170 2319 publicas,

165 2352 197 2407 et
215 2347 277 2407 hoc
296 2345 433 2424 amplius
449 2343 532 2423 patri
549 2345 703 2405 circenses
723 2364 844 2406 annuos
865 2346 964 2406 natali
985 2347 1055 2424 die,
1078 2347 1171 2408 matri

165 2457 360 2530 carpentum,
391 2470 453 2529 quo
487 2470 542 2528 per
577 2451 692 2510 circum
727 2451 900 2528 duceretur,
935 2459 967 2513 et
1001 2472 1171 2529 cognomen
1187 2462 1217 2508 au

165 2560 340 2635 Augustae,
369 2557 408 2617 ab
435 2556 509 2616 viva
535 2562 719 2617 recusatum.
763 2558 813 2616 Ad
842 2557 952 2619 fratris
981 2560 1170 2634 memoriam,

165 2684 221 2744 per
246 2682 371 2723 omnem
393 2663 586 2723 occasionem
611 2663 808 2739 celebratam,
834 2664 1024 2725 comoediam
1047 2685 1170 2743 quoque

167 2772 318 2831 Graecam
341 2768 553 2846 Neapolitano
573 2769 742 2828 certamine
764 2768 870 2829 docuit
891 2789 927 2829 ac
951 2770 989 2829 de
1014 2770 1172 2831 sententia

168 2876 307 2936 iudicum
328 2874 497 2935 coronavit.
547 2874 598 2932 Ne
619 2876 761 2934 Marcum
783 2875 910 2952 quidem
932 2875 1106 2935 Antonium
1127 2875 1172 2935 in·

167 2982 353 3041 honoratum
379 2998 415 3040 ac
440 2983 507 3040 sine
531 2986 621 3056 grata
646 2982 804 3041 mentione
828 2981 1013 3056 transmisit,
1035 2987 1171 3043 testatus
1187 2995 1216 3041 25

167 3087 326 3164 quondam
357 3104 412 3164 per
440 3086 587 3158 edictum,
616 3092 705 3146 tanto
734 3086 908 3165 impensius
941 3093 1046 3165 petere
1076 3105 1108 3147 se
1136 3093 1172 3148 ut

167 3194 304 3254 natalem
319 3192 419 3272 patris
434 3192 531 3253 Drusi
545 3193 746 3264 celebrarent,
763 3194 846 3271 quod
863 3194 945 3253 idem
964 3199 1048 3253 esset
1067 3199 1099 3254 et
1120 3195 1172 3254 avi

168 3299 215 3360 sui
237 3297 380 3359 Antonii.
423 3297 549 3357 Tiberio
572 3317 777 3358 marmoreum
801 3318 905 3359 arcum
928 3299 1018 3359 iuxta
1040 3277 1172 3378 Pompei

166 3405 336 3478 theatrum,
359 3403 516 3464 decretum
539 3402 664 3481 quidem
687 3404 761 3462 clim
783 3423 803 3464 a
823 3409 933 3464 senatu
952 3422 1061 3465 rerum
1083 3404 1173 3465 omis-

166 3530 243 3586 sum,
259 3507 394 3588 peregit.
438 3507 497 3568 Gai
512 3526 636 3585 quoque
650 3507 711 3569 etsi
726 3515 797 3568 acta
812 3508 918 3569 omnia
936 3508 1073 3585 rescidit,
1088 3509 1172 3570 diem
1188 3516 1218 3561 ³⁰

163 3622 271 3677 tamen
293 3612 392 3686 necis,
414 3612 558 3689 quamvis
583 3611 743 3672 exordium
773 3612 968 3691 principatus
993 3614 1052 3689 sui,
1070 3613 1174 3674 vetuit

163 3722 247 3784 inter
271 3719 376 3779 festos
401 3716 518 3775 referri.
