2984 4359
310 265 353 331 58
390 278 420 330 c.
441 277 598 330 sunrour
619 278 845 340 ramosum
865 278 915 328 ou
936 278 1027 327 vnn
1046 276 1249 328 cursurum

310 450 502 527 subornavit,
517 452 572 529 qui
587 451 813 527 ingredientem
828 450 947 511 curiam
961 454 1089 528 repente
1103 448 1227 509 hostem
1242 448 1315 527 pub

310 556 405 616 licum
420 556 615 635 appellantes
627 556 822 630 invaderent,
834 555 1037 634 graphiisque
1048 555 1226 615 confossum
1238 553 1313 613 lace-

311 661 440 722 randum
464 660 575 720 ceteris
603 659 781 732 traderent,
810 677 867 717 nec
890 664 964 718 aute
986 659 1119 719 satiatus
1144 664 1193 719 est
1221 677 1311 736 quam

311 767 450 827 membra
462 772 495 825 et
509 771 596 825 artus
610 768 642 824 et
654 764 775 823 viscera
788 762 926 823 hominis
940 769 1043 823 tracta
1056 781 1112 841 per
1124 763 1208 824 vicos
1219 770 1312 841 atque

279 877 383 932 tante
408 889 441 932 se
464 877 611 947 congesta
630 868 772 929 vidisset.
815 868 1049 929 Immanissima
1073 868 1158 929 facta
1181 870 1313 945 augebat
1325 870 1360 922 29

310 977 475 1037 atrocitate
490 975 662 1035 verborum.
703 972 797 1033 Nihil
817 973 917 1050 magis
934 973 967 1032 in
984 979 1098 1034 natura
1115 993 1173 1034 sua
1186 974 1314 1034 laudare

311 1101 344 1142 se
358 1101 394 1142 ac
408 1081 539 1160 probare
558 1080 682 1139 dicebat
701 1098 805 1157 quam,
819 1085 856 1138 ut
873 1078 972 1157 ipsius
987 1079 1083 1139 verbo
1100 1084 1181 1154 utar,
1196 1080 1314 1158 ἀδωτρε·

310 1191 375 1266 ψίαν
395 1186 470 1266 [hoc
491 1192 540 1246 est
559 1184 840 1265 inverecundiam}
882 1184 1026 1244 Monenti
1047 1184 1206 1244 Antoniae
1226 1184 1321 1256 aviae,

310 1298 471 1369 tamquam
492 1310 601 1369 parum
618 1296 701 1350 esset
720 1308 784 1349 non
802 1289 964 1349 oboedire:
987 1291 1138 1349 Memento
1152 1289 1198 1349 ait
1212 1293 1314 1349 omniu

267 1412 296 1457 1⁰
310 1400 388 1457 milti
414 1406 442 1457 et
469 1401 501 1455 in
528 1400 628 1455 omnis
656 1398 763 1455 licere!
803 1395 1028 1456 Trucidaturus
1056 1395 1197 1471 fratrem,
1223 1414 1313 1472 quem

311 1508 396 1562 metu
410 1521 600 1561 venenorum
615 1500 808 1580 praemuniri
825 1500 1063 1561 medicamentis
1080 1500 1311 1577 suspicabatur:

310 1608 490 1668 Antidotum
511 1606 616 1684 inquit
636 1609 782 1666 aduersus
804 1606 986 1667 Gaesarem?
1026 1606 1189 1681 Relegatis
1209 1604 1314 1666 sorori·

310 1713 369 1774 bus
388 1732 449 1771 non
470 1713 567 1770 sotum
587 1713 703 1770 inculca
721 1712 829 1770 nubem
851 1729 891 1786 cc,
906 1713 958 1769 ced
976 1714 1068 1770 etiem
1084 1712 1202 1788 placitos
1220 1710 1315 1769 mina·

310 1819 410 1879 batur.
452 1816 649 1876 Praetorium
673 1815 777 1874 virum
801 1834 840 1875 ex
865 1834 989 1875 secessu
1016 1815 1199 1894 Anticyrae,
1222 1834 1314 1893 quam

266 1921 502 1985 invaletudinis
530 1939 624 1981 causa
650 1921 793 1998 petierat,
821 1920 988 1998 propagari
1019 1920 1080 1981 sibi
1110 1926 1315 1981 commeatum

312 2028 436 2106 saepius
461 2026 690 2087 desiderantem
715 2044 786 2085 oum
814 2026 995 2086 mandasset
1018 2025 1167 2101 interimi,
1192 2025 1314 2100 adiecit,

311 2136 512 2194 rrecesourium
540 2150 601 2191 cose
627 2135 786 2208 scriputura
810 2134 992 2207 missionem,
1017 2135 1067 2191 cui
1091 2140 1154 2190 tam
1177 2134 1233 2190 diu
1256 2151 1316 2189 non

306 2242 461 2316 prodesset
482 2239 648 2297 elleborum.
692 2236 823 2296 Decimo
841 2254 965 2314 quoque
981 2235 1032 2295 die
1050 2254 1214 2295 numerum
1230 2235 1317 2313 puni·

311 2345 462 2404 endorum
491 2361 530 2401 cx
552 2342 695 2402 custodia
723 2341 932 2416 subscribens,
957 2346 1105 2401 rationem
1132 2361 1163 2401 ce
1185 2360 1317 2419 perpere

266 2466 296 2512 ao
312 2449 443 2510 dicebat.
487 2446 589 2508 Gallis
623 2447 815 2524 Graecisque
842 2446 964 2524 aliquot
991 2466 1054 2506 nno
1080 2452 1221 2525 tempore
1249 2465 1317 2506 con·
1425 2449 1427 2454 '

312 2552 478 2627 damnatis
501 2551 701 2629 gloriabatur,
727 2552 967 2628 Gutloprcectum
991 2570 1021 2611 sc
1046 2554 1200 2629 accepisse.
1244 2551 1316 2610 Nou
1330 2565 1366 2616 30

312 2667 428 2720 temere
446 2658 479 2717 in
498 2676 686 2735 quemquam
709 2656 773 2716 nisi
791 2656 907 2716 crebris
925 2662 959 2716 et
974 2656 1106 2716 minutis
1123 2656 1239 2716 ictibus
1255 2656 1318 2715 ani-

312 2763 467 2825 madverti
481 2782 592 2840 passus
605 2768 661 2836 est,
672 2768 825 2840 perpetuo
840 2767 976 2840 notoque
988 2761 1050 2820 iam
1066 2766 1250 2839 praecepto:
1269 2762 1318 2820 Ito

306 2873 371 2947 seri
386 2879 419 2928 nt
438 2888 469 2928 se
488 2871 568 2927 mort
584 2870 713 2926 sentiat!
736 2866 855 2926 Punite
874 2885 931 2943 per
949 2884 1084 2926 errorem
1101 2865 1238 2926 nominis
1255 2865 1318 2925 alio

267 2993 297 3039 at
312 2993 407 3053 quarn
429 2991 521 3050 quem
543 2971 766 3047 destinaverat,
787 2972 892 3049 ipsum
913 2989 1036 3049 quoque
1058 2970 1147 3049 paria
1166 2971 1317 3031 meruisse

313 3078 404 3139 dixit.
447 3077 615 3154 Tragicum
629 3076 710 3136 illud
725 3076 857 3138 subinde
872 3076 1024 3136 iactabat:

618 3185 752 3258 Oderint,
768 3187 842 3242 dum
857 3185 1012 3243 metuunt!

314 3291 413 3369 Saepe
428 3291 462 3350 in
476 3298 603 3350 cunctos
624 3288 742 3366 pariter
764 3294 932 3361 senatores,
947 3292 983 3347 ut
1004 3287 1109 3347 Seiani
1128 3288 1265 3364 clientis,
1284 3294 1320 3348 ut

312 3396 422 3456 matris
437 3414 473 3456 ac
487 3395 621 3454 fratrum
638 3412 763 3454 suorum
779 3393 944 3468 delatores,
959 3393 1101 3453 invectus
1117 3399 1174 3469 est,
1186 3392 1319 3471 prolatis

269 3516 299 3562 ³0
314 3501 441 3576 libellis,
466 3518 546 3577 quos
571 3503 723 3558 crematos
752 3497 965 3572 simulaverat,
991 3496 1184 3574 defensaque
1212 3499 1335 3559 Tiberi·

314 3605 448 3667 saevitia
468 3603 559 3681 quasi
578 3602 762 3677 necessaria,
778 3621 849 3661 cum
867 3608 916 3662 tot
934 3601 1175 3664 criminantibus
1197 3604 1322 3664 ereden-

313 3711 389 3770 dum
411 3712 503 3770 esset.
544 3708 732 3785 Equestrem
753 3706 894 3766 ordinem
914 3712 953 3767 ut
972 3724 1101 3766 scaenae
1122 3706 1321 3786 harenaeque
