2984 4359
306 243 348 307 68
381 254 412 305 0.
438 253 594 306 0000000
617 253 845 317 0001000000
868 254 1029 304 savrra
1053 254 1258 306 cansarum

305 426 418 504 legatis
435 424 624 504 amplissimi
643 424 764 485 ordinis
782 431 819 485 ut
839 431 1013 485 maturaret
1032 426 1204 501 orantibus,
1219 445 1315 504 quam

305 532 444 592 maxima
457 548 532 590 voce
550 531 676 592 Veniam
690 529 805 607 inquit,
820 534 949 605 veniam,
965 540 993 590 et
1006 533 1055 590 bic
1068 534 1205 591 mecam!
1225 550 1316 609 capu-

305 637 372 698 lum
386 635 485 713 gladii
499 635 607 696 crebro
623 635 798 710 verberam,
814 653 876 713 quo
895 635 1016 696 cinctus
1036 642 1113 696 erat.
1155 636 1269 697 Edixit
1282 642 1315 696 et

305 746 413 803 0000010·
433 761 473 817 ae,
494 743 546 801 aed
570 743 610 799 iia
634 748 753 822 tautum
770 743 824 815 qai
844 750 989 817 optarent,
1008 744 1137 817 equestri
1160 745 1265 802 ordini
1288 751 1315 801 et

274 850 439 925 apopalo;
470 867 544 907 aum
568 865 599 905 ae
627 864 723 922 aeque
752 847 846 906 civem
874 865 968 921 aeque
994 851 1166 923 principem
1193 851 1316 908 senatui

305 956 437 1030 amplias
453 956 532 1029 sore.
585 951 697 1012 Vetuit
721 951 817 1011 otiam
839 969 1027 1029 quemquam
1050 958 1231 1013 senatorum
1252 953 1315 1013 sibi

305 1077 474 1134 occurrere,
489 1063 583 1136 atque
603 1055 719 1118 omisso
732 1056 784 1116 vel
803 1056 903 1117 dilato
916 1057 1078 1136 triumpho
1091 1076 1190 1117 ovans
1204 1058 1314 1119 urbem

305 1164 405 1224 natali
420 1182 476 1223 suc
487 1162 648 1239 ingressus
659 1168 722 1237 est,
741 1161 888 1240 intraque
899 1168 1045 1240 quartum
1056 1181 1197 1223 mensem
1207 1163 1313 1241 periit,

305 1269 445 1345 ingentia
458 1268 600 1328 facinora
613 1286 709 1329 ausus
723 1273 757 1326 00
770 1267 934 1345 aliquanto
951 1268 1070 1328 maiora
1083 1267 1225 1328 moliens.
1270 1269 1315 1328 Si-

240 1384 290 1429 ·10
305 1375 433 1453 quidem
454 1379 658 1452 proposuerat
679 1371 822 1447 Antium,
845 1372 957 1432 deindo
978 1372 1209 1433 Alexandream
1234 1392 1315 1433 com-

305 1480 448 1556 migrare,
471 1480 661 1555 interempto
682 1477 770 1555 prius
792 1476 957 1555 utriusque
980 1477 1100 1538 ordinis
1122 1477 1314 1538 electissimo

304 1604 436 1663 quoque.
479 1584 569 1655 Quod
589 1602 629 1643 ne
649 1582 700 1642 cui
722 1582 852 1642 dubium
874 1583 1028 1657 videatur,
1042 1583 1077 1642 in
1095 1583 1223 1643 secretis
1245 1584 1312 1643 eius

303 1688 420 1766 reperti
432 1693 507 1748 suut
518 1688 580 1748 duo
591 1686 692 1747 libelli
703 1686 948 1763 diversatitu103
969 1687 1061 1748 alteri
1073 1687 1205 1763 gladius,
1219 1688 1312 1748 alteri

304 1791 400 1868 pugio
427 1791 523 1850 index
550 1796 633 1866 erat3
669 1790 761 1849 ambo
788 1789 916 1850 nomina
941 1796 972 1850 et
996 1796 1086 1851 notas
1111 1791 1312 1854 continebant

202 1940 204 1944 ,
260 1905 288 1949 tt
304 1895 398 1955 morti
421 1895 658 1955 destinatorum.
711 1894 846 1954 Inventa
868 1901 901 1954 et
925 1914 996 1955 arca
1019 1896 1131 1973 ingens
1153 1897 1311 1957 variorum

304 2019 494 2060 venenorum
509 1999 610 2077 plena,
627 1999 741 2077 quibus
759 2018 832 2059 mox
846 2018 866 2061 a
880 1999 1011 2060 Claudio
1025 2001 1178 2061 demersis
1192 2002 1311 2062 infecta

305 2105 403 2165 maria
423 2104 600 2178 traduntur,
624 2122 687 2164 uon
713 2103 781 2164 sine
802 2104 937 2182 piscium
957 2105 1064 2180 exitia,
1086 2124 1165 2183 quos
1185 2114 1310 2168 enectos

303 2216 409 2270 aestus
423 2211 457 2268 in
471 2209 614 2287 proxima
628 2208 723 2268 litora
738 2208 840 2269 eiecit.

344 2315 472 2375 Statura
485 2314 549 2373 fuit
565 2313 725 2389 eminenti,
738 2313 840 2374 001000
855 2313 1024 2392 expallido,
1039 2334 1166 2393 corpore
1182 2318 1309 2392 enormi,
1323 2328 1358 2379 50

258 2432 288 2477 ao
530 2417 706 2494 gracilitate
722 2419 861 2478 maxima
875 2419 1004 2480 cervicis
1019 2425 1050 2480 et
1064 2440 1199 2497 crurum,
1212 2422 1309 2481 oculis

302 2495 424 2555 Physical

302 2581 458 2630 mmm
530 2530 561 2583 00
578 2522 773 2600 temporibus
788 2523 942 2599 concavis,
958 2524 1063 2584 fronte
1079 2525 1146 2585 lata
1162 2533 1195 2585 et
1211 2533 1308 2602 torva,

530 2627 644 2705 capillo
658 2648 729 2687 raro
744 2648 780 2688 ac
795 2629 878 2688 circa
891 2629 1040 2689 verticem
1055 2630 1152 2706 00110,
1167 2630 1309 2692 hirsutus

302 2741 413 2796 cetera
456 2734 557 2803 Quare
568 2741 751 2793 transeunte
762 2752 798 2793 eo
807 2734 985 2811 prospicere
994 2753 1033 2796 ex
1043 2735 1202 2813 superiore
1212 2744 1308 2814 parte,

302 2847 357 2901 aut
364 2840 492 2899 omnino
501 2858 695 2917 quacumque
707 2841 745 2900 de
755 2860 849 2901 causa
857 2860 983 2919 capram
993 2841 1162 2917 nominare,
1169 2843 1311 2902 crimino

257 2960 286 3004 aa
303 2966 373 3006 sum
386 2951 419 3006 et
433 2943 560 3004 exitiale
571 2945 753 3005 habebatur.
797 2945 929 3007 Vultum
938 2965 1012 3006 vero
1022 2953 1135 3006 natura
1148 2947 1308 3006 horridum

262 3123 268 3128 ‚
302 3070 338 3112 ac
361 3056 497 3111 taetrum
519 3050 614 3110 etiam
636 3070 676 3110 ex
697 3052 853 3112 industria
876 3052 1036 3128 efferabat,
1058 3071 1246 3130 componens
1271 3053 1311 3112 ad

303 3156 465 3234 speculum
485 3157 520 3215 in
542 3176 665 3216 omnem
687 3163 837 3217 terrorem
860 3177 894 3218 ac
916 3158 1127 3217 formidinem.

342 3261 499 3322 Valetudo
512 3261 540 3320 ei
552 3280 653 3339 neque
661 3262 798 3340 corporis
808 3280 909 3339 neque
918 3263 1017 3322 animi
1032 3261 1184 3322 constitit.
1227 3263 1311 3322 Puer

532 3365 684 3426 comitiali
706 3367 813 3426 morbo
830 3373 972 3441 vexatus,
987 3367 1021 3427 in
1035 3367 1250 3428 adulescentia
1266 3368 1311 3427 ita

257 3491 287 3536 aa
302 3444 439 3565 &3:¹0ae
532 3471 656 3549 patiens
671 3471 812 3531 laborum
824 3479 900 3547 crat,
912 3478 949 3532 ut
957 3479 1063 3532 tamen
1074 3492 1310 3552 nonnumquam

532 3576 637 3637 subita
653 3576 830 3635 defectione
848 3575 980 3653 ingredi,
997 3584 1090 3652 stare,
1106 3577 1253 3654 colligere
1268 3598 1311 3638 00

303 3690 368 3743 met
387 3702 423 3744 ac
445 3681 575 3742 sufferre
590 3681 644 3740 vix
666 3686 782 3757 posset.
825 3681 944 3742 Mentis
958 3681 1173 3742 valetudinem
1191 3688 1224 3743 et
1242 3684 1310 3761 ipse
