2984 4359
408 282 519 333 cusas
543 283 576 334 v.
631 283 744 335 mvus
768 284 962 336 essemus.
1147 272 1189 337 79

175 452 339 515 Omsseutit
360 464 461 515 autem
478 465 600 532 rumque
613 466 759 531 uestrum,
774 460 865 517 semel
881 460 967 517 uobis
982 478 1044 517 esse
1062 468 1191 518 simaeu-

172 562 258 636 dam,
275 565 358 637 quod
373 565 534 622 coresdium
549 566 581 622 ia
602 565 651 623 illo
666 583 838 639 mquamur.
882 567 966 624 Nam
980 569 1008 623 si
1024 574 1066 624 est
1081 570 1188 640 artius,

175 665 223 743 (ut
260 671 307 726 ita
340 671 454 746 dicam)
491 659 660 743 balocleros,
697 672 772 744 qaid
805 678 849 728 est
882 672 963 745 quod
988 729 1110 777 mma
1126 728 1190 777 m

173 774 356 847 dubitemus,
369 776 444 848 quia
453 791 512 848 per
524 776 642 833 eosdem
655 776 799 833 articulos
813 783 840 834 et
849 777 964 852 aradus
988 797 1081 844 utrm
1089 795 1174 844 ouu-

168 881 389 952 producendas
403 881 450 952 sit,
461 897 519 954 per
529 898 603 954 quos
610 883 713 954 frater
723 883 788 938 eius
797 882 964 955 productus
988 873 1084 931 ‘mu'
1094 873 1174 918 Μ·
1205 899 1221 944 t

89 1061 95 1076 α
173 985 237 1041 sat
293 983 354 1043 Sia
384 992 486 1043 autem
514 985 696 1061 ἠλαττῶσθαι
723 989 869 1044 seutimus
896 1005 963 1044 eum

989 944 1190 1006 lngofclaudius

174 1096 202 1146 et
226 1089 402 1164 βεβλάφθαι
425 1091 469 1149 καὶ
491 1094 528 1153 εἷς
549 1091 601 1167 τὴν
621 1094 670 1149 τοῦ
691 1092 822 1166 σώματος
844 1092 888 1150 καὶ
906 1094 943 1154 cis
962 1092 1014 1167 τὴν
1031 1092 1081 1165 τῆς
1100 1091 1190 1168 ψυχῆς

174 1195 342 1273 ἀρτιότητα,
358 1197 536 1270 praebenda
556 1198 685 1254 materia
704 1198 864 1255 deridendi
877 1204 904 1254 et
919 1197 1004 1254 idum
1018 1203 1113 1253 etuas
1129 1213 1190 1252 uou

176 1308 220 1358 esi
240 1301 415 1359 bominibus
437 1304 474 1360 τὰ
495 1304 609 1360 τοιαῦτα
630 1302 772 1362 σκώπτειν
792 1303 837 1361 καὶ
857 1303 1034 1379 μυκτηρίζειν
1055 1299 1188 1361 εἰωθόσιν.

176 1406 263 1464 Ναιιι
277 1423 395 1480 semper
409 1407 622 1479 aestuabimus,
640 1409 667 1464 si
681 1408 718 1464 de
732 1409 859 1483 siuqulis
874 1407 1011 1465 articulis
1024 1414 1190 1480 ternporum
1207 1413 1236 1459 10

177 1513 421 1584 deliberabimus,
437 1513 477 1588 μὴ
490 1511 727 1589 τροῦτοκειμένου
745 1513 812 1588 ἡμῖν
823 1531 912 1586 posse
927 1513 1109 1570 arbitremur
1122 1529 1190 1569 eum

176 1634 278 1692 aerere
294 1618 429 1691 bonores,
442 1636 539 1675 uecue.
577 1618 616 1675 Iu
625 1620 800 1691 praeseutia
815 1625 916 1675 tamea
931 1618 1039 1691 quibus
1052 1618 1089 1674 de
1103 1617 1190 1674 rebus

178 1723 319 1796 coruuiis,
337 1740 444 1781 curare
463 1741 531 1781 eum
551 1723 632 1780 ludis
652 1723 850 1781 Martialibus
871 1724 1037 1781 triclinium
1057 1723 1190 1779 sacerdo

179 1835 243 1886 tum
264 1847 326 1886 uou
347 1829 482 1902 displicet
503 1829 597 1900 uobis,
618 1830 646 1885 si
662 1836 704 1886 est
718 1847 870 1902 passimus
888 1846 919 1886 se
941 1828 979 1886 ab
1002 1826 1107 1886 Silani
1120 1827 1190 1902 filio

180 1934 300 1993 bomiue
314 1935 373 1992 sibi
387 1935 473 2008 afflui
490 1935 658 2007 admoueri,
674 1952 711 1991 ue
725 1935 799 2007 quid
810 1935 912 2009 faciat
925 1935 1005 2008 quod
1020 1934 1191 2007 conspiciet
1207 1943 1236 1990 15

181 2041 312 2098 deridem
328 2041 433 2113 possit.
478 2038 622 2112 Spectare
641 2057 710 2097 eum
728 2041 872 2098 circeuses
893 2057 930 2096 eu
944 2040 1190 2113 pulvinarium

176 2145 275 2218 placa
289 2145 394 2217 uobis;
416 2146 568 2219 eopositus
581 2147 662 2203 euim
677 2147 709 2202 iu
717 2147 821 2218 frome
830 2146 937 2220 pmma
947 2144 1189 2219 spectaculorum,

181 2252 384 2325 ccaspicietur.
439 2251 478 2308 Iu
500 2249 655 2308 Albanum
680 2257 812 2308 meatem
837 2251 882 2308 ire
905 2268 982 2321 eum,
1008 2268 1070 2307 uou
1091 2250 1190 2323 placet

181 2357 275 2428 uobis,
290 2362 344 2414 aut
363 2373 425 2414 esse
446 2355 563 2414 Romae
586 2355 772 2414 Latinarum
793 2357 906 2413 diebus.
952 2353 1016 2414 Gur
1032 2356 1111 2412 euim
1129 2373 1189 2412 uou

176 2462 354 2536 praeficitur
368 2462 445 2534 urbi,
460 2463 489 2518 si
504 2468 602 2535 potest
621 2463 707 2534 sequi
721 2463 855 2535 fratrem
876 2479 966 2519 suum
987 2463 1019 2517 iu
1040 2461 1191 2517 meatem?
1206 2474 1236 2520 20

182 2565 285 2624 Habes
305 2573 435 2638 uestras,
455 2584 523 2624 mea
541 2566 643 2639 Liuia,
664 2569 835 2638 seutentias,
858 2567 967 2640 quibus
982 2566 1083 2639 placet
1102 2566 1190 2623 semel

136 2646 143 2657 ’
181 2673 216 2729 de
230 2678 292 2730 tota
306 2689 338 2729 re
353 2672 472 2745 aliquid
491 2674 640 2743 coustitui‚
655 2690 693 2729 ue
712 2690 829 2746 semper
848 2674 927 2729 iuter
943 2689 1024 2746 spem
1039 2678 1065 2728 et
1079 2677 1189 2728 metum

174 2780 365 2851 fluctuemur.
408 2777 524 2835 Licebit
544 2784 654 2850 autem,
675 2778 702 2835 si
718 2778 807 2850 uoles,
823 2775 978 2835 Autouiae
995 2793 1111 2851 quoque
1125 2793 1190 2833 uos

181 2889 244 2941 trae
265 2884 318 2941 des
340 2883 418 2940 bauo
436 2889 557 2956 partem
581 2884 725 2956 epulum
747 2883 839 2940 buius
861 2883 1024 2959 leocadam.
1067 2880 1189 2939 Rursus

181 2986 287 3046 alteris
301 2986 437 3046 litteris:
1206 3008 1236 3053 ab

223 3094 379 3152 Tiberium
401 3094 618 3152 adulescentem
639 3111 692 3170 eya
712 3111 791 3166 uero,
812 3094 885 3153 dum
906 3101 938 3151 tu
957 3094 1064 3165 uberis,
1084 3093 1190 3150 cotidie

179 3199 314 3257 iuuitubo
342 3200 384 3256 ad
412 3217 525 3272 cenam,
552 3217 589 3256 ue
616 3200 698 3257 solus
727 3206 808 3257 ceuet
830 3218 898 3258 cum
924 3217 978 3257 suo
1003 3198 1139 3272 Sulpicio
1163 3204 1191 3255 et

178 3303 381 3363 Athenodoro.
443 3302 503 3377 Qui
521 3305 633 3363 uellem
661 3306 835 3381 diliqeutius
862 3312 890 3362 et
917 3307 1020 3362 miuus
1046 3303 1189 3381 μετεώρως

178 3411 317 3486 deliberet
338 3410 398 3467 sibi
416 3411 558 3484 aliquem,
575 3413 661 3469 cuius
675 3418 790 3469 motum
805 3418 831 3468 et
845 3411 980 3468 babitum
998 3418 1026 3468 et
1043 3412 1190 3468 incessum

178 3518 359 3575 imitaretur.
414 3515 553 3573 Mullus
577 3518 682 3594 ἀτυχεῖ·
712 3534 785 3574 adm
809 3517 839 3575 ἒν
862 3519 920 3578 τοῖς
948 3514 1116 3588 σπουδαίας,
1138 3515 1190 3572 ubi
1205 3523 1236 3569 30

178 3641 239 3680 aaa
260 3622 414 3680 aberrauit
431 3621 497 3677 eires
514 3621 646 3692 animus,
663 3622 739 3677 satis
756 3626 883 3695 apparet
899 3621 918 3697 ἡ
932 3622 983 3696 τῆς
1000 3622 1090 3699 ψυχῆς
1106 3621 1190 3678 abab

179 3727 308 3808 ciuium
352 3724 437 3783 Item
450 3722 556 3783 tertiis
570 3722 705 3783 littoris:
