2984 4359
317 307 359 372 62
394 318 424 371 C.
447 316 603 369 SUETONI
626 317 855 379 TRANQUILLI
878 318 928 368 DE
952 319 1042 370 VITA
1066 320 1275 374 CAESARUM

316 491 384 552 dies
399 489 517 569 sparsit
530 489 564 549 in
583 489 714 568 plebem.
757 490 939 551 Fabricavit
954 499 986 553 et
1004 491 1123 553 deceris
1138 494 1328 556 Liburnicas

317 596 482 673 gemmatis
511 595 678 673 puppibus,
706 595 947 656 versicoloribus
978 597 1067 673 velis,
1096 617 1210 675 magna
1245 600 1330 660 ther-

316 720 438 761 marum
459 706 492 759 et
514 700 690 778 porticuum
711 705 745 759 et
765 700 973 760 tricliniorum
996 701 1128 763 laxitate
1149 723 1328 783 magnaque

316 807 413 867 etiam
428 805 541 865 vitium
559 811 591 865 et
608 805 834 882 pomiferarum
852 806 997 866 arborum
1018 808 1186 884 varietate3
1209 810 1328 888 quibus

284 911 515 973 tdiscumbens
543 910 583 970 de
607 909 659 969 die
684 910 767 970 inter
794 910 904 972 choros
932 930 968 972 ac
996 912 1202 992 symphonias
1231 914 1329 975 litora

316 1016 505 1095 Campaniae
530 1021 719 1093 peragraret.
762 1016 802 1075 In
816 1017 1083 1078 exstructionibus
1097 1020 1327 1096 praetoriorum

316 1127 410 1201 atque
425 1120 582 1196 villarum,
593 1121 678 1180 omni
690 1122 811 1181 1aticne
825 1122 1016 1199 posthabita,
1027 1123 1109 1182 nihil
1123 1128 1189 1184 tam
1204 1124 1326 1186 efficere

316 1225 555 1304 concupiscebat
566 1244 661 1302 quam
672 1227 756 1303 quod
766 1245 857 1303 posse
866 1226 945 1287 effici
954 1234 1129 1304 negaretur.
1168 1231 1212 1289 Et
1222 1230 1325 1290 iactae

316 1332 423 1410 itaque
442 1330 541 1392 moles
560 1331 677 1391 infesto
696 1350 732 1390 ac
750 1332 907 1409 profundo
924 1332 1013 1408 mari,
1034 1341 1066 1393 et
1085 1334 1208 1395 excisae
1229 1354 1324 1414 rupes

271 1451 300 1496 10
315 1437 479 1498 durissimi
504 1435 613 1511 silicis,
634 1443 666 1496 et
690 1437 794 1514 campi
819 1437 978 1498 montibus
1000 1457 1112 1516 aggere
1133 1440 1270 1516 aequati,
1292 1445 1325 1501 et

314 1541 514 1620 complanata
539 1540 672 1601 fossuris
697 1542 850 1601 montium
881 1542 963 1618 iuga,
989 1542 1168 1604 incredibili
1195 1545 1323 1622 quidem

314 1647 483 1722 celeritate,
498 1665 570 1706 cum
590 1664 694 1706 morae
713 1646 807 1724 culpa
822 1648 926 1725 capite
948 1647 1095 1708 lueretur.
1137 1650 1186 1708 Ac
1204 1669 1244 1709 ne
1264 1650 1324 1710 sin-

314 1751 389 1828 gula
407 1769 595 1825 enumerem,
611 1750 780 1810 immensas
799 1770 883 1830 opes,
903 1758 1067 1830 totumque
1085 1753 1166 1813 illud
1185 1754 1233 1813 Ti.
1251 1755 1323 1816 Cae

315 1856 393 1917 saris
406 1856 502 1916 vicies
517 1874 553 1915 ac
573 1856 688 1934 septies
703 1855 807 1917 milies
822 1857 1002 1917 sestertium
1021 1877 1085 1917 non
1099 1863 1167 1918 toto
1182 1864 1322 1919 vertente

269 1974 298 2020 15
314 1980 396 2021 anno
413 1960 598 2038 absumpsit.

236 2055 256 2098 ⁹
353 2066 537 2126 Exhaustus
552 2064 650 2141 igitur
669 2070 764 2142 atque
778 2084 872 2142 egens
889 2067 929 2126 ad
947 2067 1074 2146 rapinas
1089 2069 1246 2129 convertit
1260 2069 1322 2129 ani-
1335 2078 1370 2129 38

313 2191 409 2246 mum,
424 2171 513 2231 vario
527 2177 559 2230 et
577 2170 826 2247 exquisitissimo
846 2171 1073 2232 calumniarum
1093 2179 1126 2233 et
1141 2174 1319 2234 auctionum
1342 2154 1344 2160 Ι

541 2281 573 2335 et
590 2274 793 2351 vectigalium
808 2294 928 2351 genere.
969 2278 1116 2354 Negabat
1133 2278 1200 2338 iure
1215 2278 1322 2339 civita·

311 2358 468 2479 &22³⁶
540 2386 605 2439 tem
619 2381 795 2440 Romanam
808 2400 959 2459 usurpare
969 2399 1032 2457 eos,
1041 2401 1174 2460 quorum
1189 2384 1321 2444 maiores

266 2499 297 2546 ao
541 2484 603 2544 sibi
627 2485 826 2562 posterisque
854 2504 922 2545 eam
946 2486 1179 2564 impetrassent,
1205 2487 1269 2548 nisi
1294 2488 1320 2548 si

311 2589 371 2649 filii
396 2594 511 2663 essent,
536 2608 637 2667 neque
661 2589 749 2648 enimv
766 2589 909 2666 intellegi
936 2590 1050 2652 debere
1070 2599 1212 2670 posteros
1237 2593 1321 2653 ultra

310 2695 395 2754 hunc
410 2695 558 2771 gradnm3
581 2694 766 2772 prolataque
779 2694 930 2754 Divcrum
947 2695 1011 2755 Iuli
1026 2703 1059 2756 et
1074 2697 1211 2773 Augusti
1223 2698 1321 2775 diple

311 2806 397 2860 mata
418 2805 455 2859 ut
479 2806 587 2860 vetera
608 2805 641 2858 et
665 2799 805 2859 obsoleta
828 2799 971 2860 deflebat.
1013 2802 1175 2877 Arguebat
1200 2808 1233 2862 et
1255 2822 1320 2880 per·

311 2925 416 2984 peram
437 2905 539 2964 editos
559 2923 679 2979 census,
698 2904 812 2982 quibus
832 2910 941 2983 postea
960 2925 1155 2984 quacumque
1173 2908 1212 2967 de
1226 2927 1320 2968 causa

264 3011 479 3088 nequicquam
501 3010 686 3069 incrementi
714 3009 906 3070 accessisset.
949 3011 1153 3072 Testamenta
1180 3012 1319 3091 primipi-

310 3115 433 3190 larium,
445 3115 500 3193 qui
515 3114 555 3175 ab
569 3114 662 3175 initio
674 3114 779 3173 Tiberi
789 3114 985 3193 principatus
995 3134 1097 3193 neque
1111 3115 1204 3176 illum
1218 3136 1319 3196 neque

310 3240 343 3281 se
358 3221 505 3280 heredem
525 3219 737 3298 reliquissent,
753 3225 789 3278 ut
803 3220 927 3295 ingrata
945 3220 1089 3297 rescidit3
1112 3221 1188 3281 item
1205 3230 1320 3283 cetero

308 3346 379 3385 rum
389 3332 426 3386 ut
437 3324 528 3385 irrita
540 3330 572 3385 et
584 3344 673 3400 vana,
686 3343 898 3402 quoscumque
910 3324 981 3402 quis
993 3325 1111 3386 diceret
1122 3327 1237 3387 herede
1247 3330 1319 3389 Cae

308 3450 377 3491 sare
392 3431 471 3490 mori
487 3430 673 3490 destinasse.
717 3430 785 3500 Quo
803 3438 890 3490 metu
911 3430 1027 3490 iniecto
1047 3449 1119 3491 cum
1140 3431 1205 3491 iam
1226 3438 1259 3493 et
1280 3434 1331 3493 ab*

262 3551 292 3597 30
307 3536 425 3612 ignotis
438 3536 520 3595 inter
531 3535 707 3596 familiares
718 3541 751 3594 et
761 3553 781 3594 a
790 3535 973 3612 parentibus
985 3536 1068 3595 inter
1082 3535 1198 3596 liberos
1213 3537 1317 3615 palam

307 3641 398 3702 heres
421 3646 664 3718 nuncuparetur,
679 3639 833 3699 derisores
848 3641 988 3715 vocabat,
1004 3640 1089 3718 quod
1109 3647 1181 3718 post
1201 3661 1318 3702 nuncu-

307 3745 468 3824 pationem
483 3745 589 3805 vivere
609 3750 855 3822 perseverarent,
871 3751 903 3805 et
923 3744 1034 3805 multis
1048 3751 1220 3807 venenatas
1242 3753 1318 3808 mat
