2984 4359
469 299 581 351 mars
604 299 657 351 111.
707 297 887 349 amamus.
1140 282 1183 349 1e

177 476 323 562 sispalis;
346 492 440 549 neque
460 475 494 532 id
514 475 626 532 dixisse
647 491 693 531 rae
708 475 852 547 poenitet,
872 480 899 531 et
919 473 1012 531 boreos
1029 479 1056 529 et
1072 489 1184 546 aequos

177 588 202 638 et
216 583 358 655 fauentes
371 596 424 637 vos
437 579 531 637 hobal
544 580 682 636 dmaiaoa
696 585 724 636 et
736 578 836 636 adhaec
848 578 950 635 habeo.

133 695 165 745 eo
215 683 299 754 Quin
315 682 411 742 etiam
426 682 563 759 speeiem
577 681 733 742 libertatis
745 681 903 758 quandam
917 679 1053 757 induxit,
1064 699 1183 742 conser-

179 790 258 851 vatis
281 788 406 849 senatui
426 805 462 847 ao
481 785 718 863 magistratibus
741 791 774 845 et
793 786 957 846 maiestate
982 845 1043 892 m„

178 896 312 973 pristina
335 900 368 954 et
392 897 557 971 potestate.
601 892 712 968 Neque
734 898 800 950 tam
826 910 957 969 parvum
983 847 1089 966 ,1103
1098 920 1143 966 th,
1198 908 1214 954 a

177 1001 345 1079 quicquam
367 1016 469 1076 neque
493 1003 559 1057 tam
583 1015 732 1072 magnum
756 995 875 1074 publici
897 997 958 1075 pri·
983 995 1132 1041 ”mlum

178 1107 305 1183 vatique
327 1103 447 1180 negotii
469 1102 541 1177 luit,
563 1102 602 1161 de
623 1120 685 1179 quo
706 1120 770 1160 non
790 1102 831 1161 ad
852 1108 956 1180 patres
982 1067 1150 1127 mmmm

178 1210 370 1288 conscriptos
389 1208 575 1268 referretur:
601 1207 639 1266 de
654 1205 862 1283 vectigalibus
876 1225 912 1267 ac
928 1208 1124 1287 monopoliis,
1143 1207 1183 1268 de

178 1316 377 1377 exstruendis
389 1313 606 1374 reficiendisve
616 1311 771 1390 operibus,
779 1311 874 1372 etiam
884 1313 924 1372 de
932 1313 1064 1389 legendo
1073 1314 1123 1374 vel
1134 1331 1184 1373 ex-

178 1421 370 1483 auctorando
384 1418 488 1479 milite
502 1437 538 1478 ac
549 1418 709 1494 legionum
720 1423 752 1477 et
763 1417 952 1478 auxiliorum
963 1419 1182 1497 descriptione,
1199 1430 1229 1475 10

178 1528 312 1604 denique
337 1524 451 1603 quibus
476 1523 643 1601 imperium
671 1522 832 1601 prorogari
857 1528 912 1583 aut
936 1523 1185 1584 extraordinaria

177 1632 260 1693 bella
274 1629 428 1704 mandari,
445 1628 522 1706 quid
540 1634 573 1687 et
588 1647 650 1705 qua
668 1628 771 1687 forma
788 1645 896 1703 regum
919 1627 1034 1689 litteris
1054 1628 1183 1689 rescribi

177 1737 322 1815 placeret.
367 1734 567 1795 Praefectum
582 1733 659 1806 alae,
671 1733 710 1791 de
721 1732 755 1791 vi
768 1737 801 1791 et
814 1732 934 1810 rapinis
949 1751 1045 1808 reum,
1057 1752 1183 1794 oausam

176 1844 209 1901 in
233 1846 347 1903 senatu
372 1840 476 1900 dicere
502 1838 611 1914 coegit.
653 1838 834 1915 Numquam
863 1838 981 1898 curiam
1007 1838 1070 1899 nisi
1098 1838 1183 1900 solus
1285 1901 1287 1904 .

176 1947 325 2021 intravit3
348 1945 462 2005 lectica
480 1943 636 2021 quondam
659 1942 827 2002 introlatus
848 1962 949 2020 aeger,
964 1944 1094 2004 comites
1113 1963 1132 2005 a
1151 1963 1183 2005 se
1200 1959 1229 2004 lt

129 2052 319 2113 31removit.
370 2049 528 2121 Quaedam
552 2048 703 2108 adversus
726 2047 916 2107 sententiam
939 2067 1027 2109 suam
1048 2049 1182 2125 decerni,

176 2178 214 2218 ne
229 2164 360 2236 questus
377 2155 504 2233 quidem
519 2161 575 2214 est.
618 2154 765 2230 Negante
779 2172 816 2214 oo
830 2153 1004 2215 destinatos
1023 2155 1185 2231 magistra·

175 2272 226 2324 tus
247 2264 369 2346 abesse,
379 2265 530 2339 oportere,
550 2266 586 2319 ut
607 2264 789 2337 praesentes
810 2258 920 2318 honori
942 2260 1183 2337 acquiescerent,

176 2373 300 2446 praetor
309 2366 494 2443 designatus
503 2363 634 2424 liberam
645 2363 833 2440 legationem
843 2363 1032 2442 impetravit
1063 2366 1184 2426 Iterum

176 2479 331 2546 censente,
361 2476 398 2530 ut
425 2468 590 2530 Trebianis
623 2469 759 2545 legatam
791 2469 826 2528 in
854 2488 931 2547 opus
966 2470 1039 2530 novi
1066 2470 1184 2530 theatri
1199 2480 1230 2526 ao

177 2578 342 2657 pecuniam
368 2576 408 2636 ad
432 2574 640 2635 munitionem
665 2574 735 2634 viae
759 2575 932 2635 transferre
953 2577 1182 2650 concederetur,

177 2684 319 2762 optinere
343 2701 407 2741 non
429 2679 534 2759 potuit
557 2679 635 2757 quin
658 2684 726 2739 rata
748 2679 895 2740 voluntas
920 2679 1068 2755 legatoris
1091 2688 1183 2741 esset.

177 2789 256 2850 Cum
281 2792 408 2849 senatus
438 2783 615 2845 consultum
644 2803 700 2862 per
727 2783 949 2845 discessionem
979 2785 1062 2845 forte
1085 2785 1183 2860 fieret,

178 2892 393 2954 transeuntem
418 2909 489 2950 eum
513 2889 547 2948 in
568 2889 699 2949 alteram
724 2895 855 2967 partem,
880 2889 913 2948 in
938 2908 1001 2966 qua
1021 2890 1184 2967 pauciores

178 3005 275 3074 erant,
291 3003 416 3059 secutus
431 3002 480 3056 est
493 3014 593 3055 nemo.
1200 3012 1230 3057 25

218 3106 330 3166 Cetera
341 3121 464 3181 quoque
479 3102 606 3163 nonnisi
620 3122 676 3180 per
687 3102 890 3178 magistratus
902 3109 934 3163 et
948 3102 1015 3161 iure
1026 3101 1185 3162 ordinario

178 3211 464 3286 agebantur,vtanta
478 3208 641 3269 consulum
656 3208 843 3268 auctoritate
856 3213 893 3267 ut
910 3208 1006 3285 legati
1020 3227 1059 3266 ex
1074 3208 1185 3267 Africa

178 3314 314 3375 adierint
329 3334 381 3375 eos
397 3321 572 3393 querentes,
587 3314 670 3374 trahi
689 3333 722 3375 se
736 3334 756 3374 a
775 3315 905 3375 Caesare
925 3315 965 3373 ad
982 3332 1076 3390 quem
1094 3313 1185 3373 missi

178 3422 289 3482 forent.
334 3423 402 3481 Nec
414 3420 537 3491 mirum,
553 3439 621 3481 cum
637 3421 741 3499 palam
758 3427 840 3482 esset
855 3421 958 3500 ipsum
986 3429 1172 3504 Commendo„

179 3547 300 3606 quoque
316 3527 435 3587 eisdem
452 3532 484 3586 et
497 3544 659 3603 assurgere
681 3532 713 3587 et
731 3527 880 3586 decedere
898 3527 958 3587 via.
985 3531 1157 3590 mspmyeoto
1202 3534 1231 3579 ³⁰

132 3641 166 3694 32
179 3632 339 3712 Corripuit
370 3630 550 3691 consulares
581 3631 770 3692 exercitibus
804 3632 961 3711 praeposi·
985 3605 1166 3665 mamm

181 3744 238 3818 tos,
259 3738 346 3820 quod
366 3755 431 3802 non
452 3735 603 3804 derebus
625 3736 722 3817 gestis
744 3735 869 3799 senatui
890 3736 1071 3820 seriberent,
1092 3736 1186 3822 quod·
