2984 4359
298 276 361 342 118
399 288 428 339 c.
453 286 608 339 sunrom
627 285 856 348 rasuomnrr
876 286 926 336 us
946 286 1038 337 vrrs
1058 285 1260 337 cursurum

298 461 433 522 militem
447 459 585 538 positum
600 459 640 519 ad
655 457 831 519 custodiam
846 458 962 532 aditus,
978 477 1048 518 cum
1063 435 1253 518 eum‘ornari
1266 477 1302 518 ac

300 566 412 626 vinciri
439 564 569 639 catenis,
598 564 680 625 sicut
708 568 926 639 argumentum
956 563 1146 641 postulabat,
1173 563 1300 638 videret,

298 670 470 731 scaturisse
491 668 640 729 ferendae
660 668 730 747 opis
752 667 861 743 gratia.

338 777 499 853 Equorum
515 774 620 834 studio
633 773 684 833 vel
700 773 866 852 praecipue
884 774 924 833 ab
937 773 1064 833 ineunte
1079 778 1182 834 aetate
1197 772 1302 850 flagra·
1315 780 1360 831 22

267 881 355 957 orit,
370 879 587 959 plurimusque
605 877 654 937 illi
672 897 783 953 sermo,
798 896 986 956 quamquam
1008 884 1174 953 vetaretur,
1190 878 1229 938 de
1247 877 1302 938 cir·

523 983 669 1043 censibus
678 989 760 1057 erat3
782 988 815 1043 et
825 983 982 1060 quondam
994 989 1130 1043 tractum
1141 982 1300 1060 prasinum

523 1089 710 1164 agitatorem
719 1088 802 1148 iuter
810 1087 1041 1165 condiscipulos
1053 1106 1196 1166 querens,
1203 1088 1302 1148 obiur-

524 1200 618 1271 gante
637 1193 826 1272 paedagogo,
841 1193 880 1252 de
897 1193 1034 1253 Hectore
1052 1212 1085 1253 se
1102 1193 1189 1271 loqui
1204 1212 1302 1253 emen·

298 1300 379 1362 titus
399 1305 456 1361 est.
500 1300 562 1360 Sed
586 1317 657 1359 cnm
682 1299 766 1359 inter
790 1298 885 1358 initia
908 1298 1034 1375 imperii
1059 1298 1204 1359 eburneis
1231 1317 1302 1375 qua-

254 1418 284 1464 10
299 1405 399 1483 drigis
416 1405 531 1465 cotidie
549 1405 582 1464 in
599 1405 695 1465 abaco
711 1403 843 1479 luderet,
859 1403 899 1463 ad
919 1402 1021 1463 omnis
1041 1404 1136 1464 etiam
1155 1403 1301 1463 minimos

299 1512 452 1571 circenses
474 1529 491 1570 e
513 1528 636 1571 secessu
657 1509 859 1580 commeabat,
876 1508 976 1587 primo
997 1508 1086 1584 clam,
1102 1508 1216 1568 deinde
1236 1527 1303 1587 pro

299 1616 421 1695 palam;
443 1621 479 1675 ut
492 1615 612 1675 nemini
626 1614 758 1675 dubium
772 1622 863 1689 esset,
879 1634 916 1674 eo
930 1615 981 1674 die
996 1614 1106 1692 utique
1121 1614 1300 1673 affuturum.

298 1721 410 1799 Neque
435 1720 655 1781 dissimulabat
680 1719 762 1779 velle
790 1738 823 1779 se
851 1720 1026 1798 palmarum
1050 1738 1214 1778 numerum
1242 1737 1303 1778 am-

221 1887 225 1894 ,
299 1826 415 1905 pliare3
437 1845 532 1904 quare
542 1825 755 1904 spectaculum
766 1824 985 1903 multiplicatis
995 1824 1144 1884 missibus
1155 1825 1189 1884 in
1200 1842 1301 1884 serum

255 1946 284 1992 15
299 1931 547 2010 protrahebatur,
561 1949 602 1990 ne
616 1930 753 1990 dominis
767 1930 894 2008 quidem
909 1929 972 1990 iam
987 1929 1161 1990 factionum
1176 1929 1302 2005 dignan-

299 2036 384 2097 tibus
401 2036 463 2096 nisi
479 2036 520 2096 ad
537 2035 635 2097 totius
655 2035 719 2095 diei
738 2054 864 2096 cursum
883 2054 992 2112 greges
1012 2035 1132 2095 ducere.
1176 2036 1252 2094 Mox
1271 2039 1301 2093 et

299 2142 367 2220 ipse
384 2141 526 2218 aurigare
545 2146 639 2220 atque
656 2141 753 2202 etiam
772 2141 907 2219 spectari
925 2140 1049 2219 saepius
1064 2139 1174 2215 voluit,
1190 2141 1302 2219 posito-

299 2265 360 2325 que
374 2247 408 2306 in
421 2246 522 2307 hortis
534 2247 617 2307 iuter
627 2247 758 2307 servitia
768 2252 800 2307 et
811 2246 968 2306 sordidam
979 2245 1103 2324 plebem
1116 2246 1301 2324 rudimento,

298 2352 516 2412 universorum
535 2371 568 2413 se
587 2352 686 2412 oculis
706 2353 740 2411 in
760 2352 850 2412 Circo
868 2351 1008 2412 Maximo
1025 2352 1179 2430 praebuit,
1196 2353 1302 2432 aliquo
1396 2399 1399 2406 .

254 2470 284 2514 ao
299 2456 414 2518 liberto
428 2457 576 2518 mittente
595 2478 742 2537 mappam
762 2458 846 2517 unde
866 2458 1069 2533 magistratus
1085 2458 1195 2517 solent.
1236 2459 1302 2518 Nec

300 2568 464 2624 contentus
497 2563 609 2623 harum
637 2564 751 2625 artium
781 2564 996 2641 experimenta
1023 2564 1141 2622 Romae
1169 2563 1301 2639 dedisse,

301 2669 463 2744 Achaiam,
483 2675 519 2729 ut
540 2669 688 2745 diximus,
708 2669 798 2747 petit,
821 2670 895 2730 hino
916 2669 1052 2729 maxime
1073 2673 1194 2728 motus:
1217 2669 1303 2730 insti·

299 2780 426 2835 tueraut
449 2774 605 2850 civitates,
630 2775 714 2853 apud
739 2794 817 2852 quas
842 2774 953 2834 musici
978 2792 1093 2850 agones
1116 2773 1167 2833 edi
1192 2774 1302 2850 solent,

300 2898 408 2940 omnes
436 2881 685 2942 citharoedorum
713 2902 843 2943 coronas
871 2884 910 2942 ad
936 2882 1037 2960 ipsum
1064 2880 1197 2940 mittere.
1240 2881 1302 2941 Eas

255 3002 284 3048 at
300 2985 377 3046 adeo
402 2992 488 3062 grate
513 2975 751 3066 recipiebatut
773 2990 903 3066 legatos,
925 2989 980 3066 qui
1005 2987 1219 3066 pertulissent,
1241 3005 1303 3046 non

301 3092 393 3152 modo
416 3093 533 3171 primos
558 3095 748 3170 admitteret,
771 3096 825 3156 sed
850 3096 944 3156 etiam
970 3092 1180 3154 familiaribus
1202 3093 1303 3170 epulis

300 3196 521 3275 interponeret.
563 3201 593 3259 A
615 3201 803 3279 quibusdam
825 3220 864 3261 ex
885 3201 936 3261 his
957 3207 1084 3276 rogatus
1105 3205 1142 3259 ut
1162 3203 1303 3258 cautaret

301 3321 526 3380 supercenam,
538 3313 749 3386 exceptusque
761 3308 900 3382 effusius,
913 3310 990 3367 solos
1004 3310 1077 3367 scire
1089 3310 1195 3366 audire
1213 3306 1304 3366 Gree-

300 3457 414 3516 Appears
424 3457 451 3501 ,n
527 3432 583 3487 eos,
599 3417 731 3491 solosque
745 3435 776 3474 se
788 3424 814 3474 et
825 3419 934 3474 studiis
949 3419 1012 3474 sacis
1024 3417 1129 3497 dignos
1140 3412 1192 3473 ait.
1236 3412 1303 3471 Nec

255 3527 285 3572 30
300 3531 475 3577 emouscele
527 3519 720 3596 profectione
758 3520 865 3594 dilata,
899 3526 935 3580 ut
968 3520 1103 3598 primum
1132 3517 1303 3596 Cassiopen

299 3605 412 3652 mmm
527 3623 660 3698 traiecit,
681 3624 790 3684 statim
808 3625 848 3685 ad
866 3644 952 3685 aram
970 3625 1056 3684 Iovis
1074 3623 1160 3683 Casii
1177 3629 1304 3683 cantare

300 3727 490 3805 auspicatus,
500 3727 671 3788 certamina
680 3728 826 3808 deinceps
836 3715 915 3790 obiit
923 3729 1035 3789 omnia
1078 3730 1161 3788 Nam
1178 3733 1210 3787 et
1224 3746 1304 3806 quae
1318 3734 1355 3786 23

298 1065 406 1113 suum
415 1063 455 1112 tor
482 1067 487 1074 ‘

298 1141 386 1187 horse·
