2984 4359
301 273 343 336 90
377 284 406 335 c.
433 285 589 336 sussum
611 286 839 348 rsuuoumm
862 287 913 336 os
934 287 1025 337 vrrs
1048 286 1260 338 cursarium

200 439 204 446 ⁴
301 456 355 517 ubi
370 463 532 534 praeterea
546 476 636 517 uerno
657 464 729 518 ante
750 476 828 517 eum.
872 458 978 518 Ludos
995 458 1205 519 dedicationis
1223 459 1318 516 Pom-

301 561 407 639 peiani
431 561 557 638 theatri,
581 563 665 639 quod
690 563 869 623 ambustum
895 561 1085 637 restituerat,
1111 582 1128 622 e
1156 562 1317 623 tribunali

526 668 630 744 posito
643 667 677 726 in
691 667 851 728 orchestra
864 668 1030 743 commisit,
1045 687 1115 728 cum
1126 669 1215 746 prius
1228 668 1318 746 apud

418 833 447 869 u
527 772 702 850 superiores
712 772 805 832 aedes
815 772 1032 850 supplicasset,
1045 792 1162 851 perque
1173 774 1317 834 mediam

270 899 285 944 s
526 896 663 952 caveam,
696 877 878 937 sedentibus
904 897 940 938 ac
973 878 1139 939 silentibus
1175 879 1316 952 cunctis,

301 984 523 1045 descendisset.
567 983 655 1043 Fecit
680 989 712 1043 et
734 982 923 1057 Saeculares,
946 984 1037 1061 quasi
1058 985 1251 1063 anticipatos
1275 985 1316 1045 ab

301 1090 448 1167 Augusto
470 1108 526 1148 nec
549 1088 692 1165 legitimo
714 1088 847 1167 tempori
871 1095 1055 1165 reservatos,
1073 1090 1218 1167 quamvis
1242 1091 1315 1168 ipse

301 1195 335 1255 in
352 1194 495 1255 historiis
510 1194 577 1255 suis
592 1195 712 1272 prodat,
729 1194 926 1255 intermissos
946 1214 998 1254 eos
1015 1194 1194 1270 Augustum
1208 1196 1316 1254 multo

302 1306 382 1380 post,
404 1300 647 1377 diligentissime
669 1318 822 1360 annorum
850 1300 970 1360 rationo
992 1301 1153 1376 subducta,
1175 1300 1210 1360 in
1231 1300 1315 1359 ordi-

258 1423 286 1467 10
301 1426 373 1466 nem
395 1405 560 1482 redegisse.
603 1406 704 1476 Quare
725 1425 784 1465 vox
805 1406 968 1484 praeconis
989 1406 1082 1466 irrisa
1101 1412 1158 1482 est,
1176 1405 1314 1466 invitan-

302 1512 344 1572 tis
365 1530 451 1571 more
467 1510 614 1571 sollemni
632 1511 673 1571 ad
693 1511 794 1587 ludos,
811 1531 885 1587 quos
904 1531 958 1571 uec
974 1521 1130 1588 spectasset
1151 1515 1313 1588 quisquam

302 1638 355 1677 uec
373 1626 559 1693 spectmurus
579 1627 661 1692 esset,
680 1636 752 1676 cum
774 1623 973 1695 superessent
994 1617 1096 1676 adhuc
1117 1617 1172 1694 qui
1194 1623 1312 1694 specta

303 1728 423 1799 verant,
438 1727 470 1782 et
484 1722 614 1801 quidam
631 1722 823 1782 histrionum
840 1722 985 1801 producti
1000 1722 1075 1782 olim
1092 1728 1168 1781 tunc
1186 1740 1309 1799 quoque

302 1830 554 1907 producerentur.
599 1828 761 1889 Circenses
785 1828 966 1906 frequenter
988 1828 1080 1888 etiarn
1101 1827 1134 1886 in
1156 1827 1309 1888 Vaticano

258 1948 286 1992 15
301 1935 468 2010 commisit,
479 1954 713 2013 nonnumquam
726 1934 893 1993 interiecta
902 1952 958 2011 per
967 1934 1079 2011 quinos
1095 1931 1211 1993 missus
1221 1952 1308 1992 vena

303 2040 395 2100 tione.
438 2040 528 2101 Circo
546 2058 619 2099 vero
634 2040 775 2098 Maximo
794 2039 976 2098 marmoreis
991 2037 1165 2098 carceribus
1180 2037 1307 2097 auratis-

302 2164 362 2223 que
376 2146 478 2222 metis,
494 2164 574 2223 quac
589 2150 721 2223 utraque
736 2151 769 2204 et
783 2144 882 2203 tofina
897 2163 933 2204 ac
948 2144 1053 2218 lignea
1066 2150 1158 2203 antea
1171 2143 1305 2216 fuerant,

301 2252 435 2327 exculto,
464 2251 592 2329 propria
620 2250 817 2311 senatoribus
846 2248 1011 2309 coustituit
1038 2248 1107 2308 loca
1133 2249 1306 2326 promiscue

301 2363 442 2434 spectare
457 2355 578 2430 solitis;
602 2375 637 2415 ac
653 2374 747 2433 super
767 2354 988 2431 quadrigarum
1008 2353 1180 2413 certamina
1197 2353 1306 2413 Troiae

255 2462 405 2521 culusum
427 2462 571 2521 exhibuit
591 2468 622 2521 et
645 2461 822 2535 Africanae,
839 2459 1022 2519 conficiente
1041 2464 1146 2518 turma
1166 2457 1305 2535 ¹equitum

301 2567 578 2645 praetorianorum,
609 2567 743 2626 ducibus
783 2565 920 2625 tribunis
961 2564 1092 2642 ipsoque
1130 2565 1304 2641 praefecto,

301 2679 462 2751 praeterea
481 2672 649 2732 Thessalos
674 2671 806 2748 equites,
828 2670 883 2747 qui
903 2670 987 2729 feros
1005 2676 1111 2729 tauros
1131 2686 1186 2746 per
1205 2669 1306 2746 spatia

300 2778 374 2839 circi
396 2785 494 2853 agunt
514 2777 724 2855 insiliuntque
746 2777 888 2836 defessos
910 2781 943 2834 et
967 2774 1007 2834 ad
1029 2780 1145 2834 terram
1161 2774 1305 2833 cornibus

300 2884 478 2944 detrahunt.
550 2923 552 2926 -
1063 2943 1065 2947 ,

254 2998 283 3043 25
340 2988 537 3049 Gladiatoria
547 3006 677 3048 munera
688 2986 888 3066 plurifariam
900 3005 935 3046 ac
947 2984 1137 3062 multiplicia
1148 2983 1303 3045 exhibuit:

299 3095 548 3154 anniversarium
569 3093 735 3153 incastris
755 3092 962 3171 praetorianis
983 3091 1050 3151 siue
1068 3090 1236 3150 venatione
1256 3108 1305 3167 ap

298 3206 481 3277 paratuque,
504 3199 621 3259 iustum
645 3204 739 3275 atque
761 3197 938 3273 legitimum
957 3197 992 3255 in
1013 3194 1155 3272 Saeptis,
1188 3195 1304 3254 ibidem

298 3305 582 3364 extraordinarium
597 3310 629 3363 et
645 3304 739 3362 breve
762 3303 945 3379 dierumque
965 3320 1143 3379 paucorum,
1159 3301 1303 3378 quodque

298 3410 457 3488 appellare
468 3410 571 3486 coepit
585 3411 762 3484 sportulam,
772 3407 847 3484 quia
861 3407 997 3485 primum
1009 3406 1140 3465 daturus
1153 3405 1302 3480 edixerat,

252 3526 282 3570 30
297 3518 376 3574 uelut
396 3518 437 3574 ud
457 3517 588 3573 subitum
610 3517 833 3586 condictamque
856 3515 991 3571 cenulam
1013 3515 1142 3570 tamtum
1159 3531 1190 3570 se
1209 3530 1303 3588 popu·

298 3623 368 3679 lum.
403 3620 435 3677 N
437 3638 471 3677 ec
480 3618 546 3677 ullo
562 3616 732 3694 spectaculi
744 3630 855 3692 genere
871 3616 1062 3676 communior
1074 3621 1129 3675 aut
1143 3616 1303 3677 remissior

297 3731 373 3799 erat,
395 3724 472 3784 adeo
491 3730 528 3782 ut
552 3723 673 3785 oblatos
695 3722 867 3784 victoribus
890 3740 1000 3781 aureos
1026 3720 1150 3798 prolata
1174 3721 1305 3785 sinistra
