<?xml version="1.0" encoding="UTF-8"?>
<!DOCTYPE html PUBLIC "-//W3C//DTD XHTML 1.0 Transitional//EN"
    "http://www.w3.org/TR/xhtml1/DTD/xhtml1-transitional.dtd">
<html xmlns="http://www.w3.org/1999/xhtml" xml:lang="en" lang="en">
 <head>
  <title>
</title>
<meta http-equiv="Content-Type" content="text/html;charset=utf-8" />
  <meta name='ocr-system' content='tesseract 3.04.00' />
  <meta name='ocr-capabilities' content='ocr_page ocr_carea ocr_par ocr_line ocrx_word'/>
</head>
<body>
  <div class='ocr_page' id='page_1' title='image "./gaisuetonitranq00unkngoog_0039.png"; bbox 0 0 2984 4359; ppageno 0'>
   <div class='ocr_carea' id='block_1_1' title="bbox 473 266 1185 332">
    <p class='ocr_par' dir='ltr' id='par_1_1' title="bbox 473 266 1185 332">
     <span class='ocr_line' id='line_1_1' title="bbox 473 266 1185 332; baseline 0.004 -3"><span class='ocrx_word' id='word_1_1' title='bbox 473 278 586 330; x_wconf 81' lang='lat' dir='ltr'><strong>nmnn</strong></span> <span class='ocrx_word' id='word_1_2' title='bbox 608 278 660 330; x_wconf 89' lang='lat'>111.</span> <span class='ocrx_word' id='word_1_3' title='bbox 711 277 890 329; x_wconf 80' lang='lat' dir='ltr'><strong>rmnarns</strong></span> <span class='ocrx_word' id='word_1_4' title='bbox 1165 266 1185 332; x_wconf 78' lang='lat'><strong>7</strong></span> 
     </span>
    </p>
   </div>
   <div class='ocr_carea' id='block_1_2' title="bbox 184 449 1188 738">
    <p class='ocr_par' dir='ltr' id='par_1_2' title="bbox 184 449 1188 738">
     <span class='ocr_line' id='line_1_2' title="bbox 184 449 1186 528; baseline 0 -18"><span class='ocrx_word' id='word_1_5' title='bbox 184 469 316 528; x_wconf 91' lang='lat' dir='ltr'><strong>cumque</strong></span> <span class='ocrx_word' id='word_1_6' title='bbox 343 449 473 525; x_wconf 88' lang='lat' dir='ltr'><strong>bellum,</strong></span> <span class='ocrx_word' id='word_1_7' title='bbox 500 450 574 511; x_wconf 88' lang='lat' dir='ltr'><strong>inde</strong></span> <span class='ocrx_word' id='word_1_8' title='bbox 608 449 834 525; x_wconf 82' lang='lat' dir='ltr'><strong>Pannonicum,</strong></span> <span class='ocrx_word' id='word_1_9' title='bbox 862 449 936 510; x_wconf 90' lang='lat' dir='ltr'><strong>inde</strong></span> <span class='ocrx_word' id='word_1_10' title='bbox 965 450 1186 512; x_wconf 87' lang='lat' dir='ltr'><strong>Germanicum</strong></span> 
     </span>
     <span class='ocr_line' id='line_1_3' title="bbox 185 553 1188 634; baseline 0.002 -21"><span class='ocrx_word' id='word_1_11' title='bbox 185 555 288 630; x_wconf 86' lang='lat' dir='ltr'><strong>gessit.</strong></span> <span class='ocrx_word' id='word_1_12' title='bbox 346 555 477 614; x_wconf 85' lang='lat' dir='ltr'><strong>Raetico</strong></span> <span class='ocrx_word' id='word_1_13' title='bbox 504 561 600 634; x_wconf 87' lang='lat' dir='ltr'><strong>atque</strong></span> <span class='ocrx_word' id='word_1_14' title='bbox 623 554 790 616; x_wconf 82' lang='lat' dir='ltr'><strong>Vindelico</strong></span> <span class='ocrx_word' id='word_1_15' title='bbox 814 554 917 630; x_wconf 90' lang='lat' dir='ltr'><strong>gentis</strong></span> <span class='ocrx_word' id='word_1_16' title='bbox 939 553 1083 632; x_wconf 90' lang='lat' dir='ltr'><strong>Alpinas,</strong></span> <span class='ocrx_word' id='word_1_17' title='bbox 1108 557 1188 616; x_wconf 90' lang='lat' dir='ltr'><strong>Pan·</strong></span> 
     </span>
     <span class='ocr_line' id='line_1_4' title="bbox 185 658 1187 738; baseline 0.003 -20"><span class='ocrx_word' id='word_1_18' title='bbox 185 660 295 719; x_wconf 91' lang='lat' dir='ltr'><strong>nouico</strong></span> <span class='ocrx_word' id='word_1_19' title='bbox 317 660 455 721; x_wconf 77' lang='lat' dir='ltr'>Breucos</span> <span class='ocrx_word' id='word_1_20' title='bbox 473 666 506 721; x_wconf 91' lang='lat' dir='ltr'><strong>et</strong></span> <span class='ocrx_word' id='word_1_21' title='bbox 519 660 682 721; x_wconf 79' lang='lat' dir='ltr'><strong>Dalmatas</strong></span> <span class='ocrx_word' id='word_1_22' title='bbox 705 659 837 736; x_wconf 82' lang='lat' dir='ltr'><strong>subegit,</strong></span> <span class='ocrx_word' id='word_1_23' title='bbox 852 658 1037 721; x_wconf 83' lang='lat' dir='ltr'><strong>Germanico</strong></span> <span class='ocrx_word' id='word_1_24' title='bbox 1057 661 1187 738; x_wconf 82' lang='lat' dir='ltr'><strong>quadra</strong></span> 
     </span>
    </p>
   </div>
   <div class='ocr_carea' id='block_1_3' title="bbox 96 763 1236 3781">
    <p class='ocr_par' dir='ltr' id='par_1_3' title="bbox 184 763 1218 1158">
     <span class='ocr_line' id='line_1_5' title="bbox 185 763 1186 844; baseline 0.003 -20"><span class='ocrx_word' id='word_1_25' title='bbox 185 764 273 841; x_wconf 88' lang='lat' dir='ltr'><strong>ginta</strong></span> <span class='ocrx_word' id='word_1_26' title='bbox 295 764 387 825; x_wconf 91' lang='lat' dir='ltr'><strong>milia</strong></span> <span class='ocrx_word' id='word_1_27' title='bbox 408 765 627 826; x_wconf 78' lang='lat' dir='ltr'><strong>dediticiorum</strong></span> <span class='ocrx_word' id='word_1_28' title='bbox 655 765 781 826; x_wconf 89' lang='lat' dir='ltr'><strong>traiecit</strong></span> <span class='ocrx_word' id='word_1_29' title='bbox 808 765 844 824; x_wconf 90' lang='lat' dir='ltr'><strong>in</strong></span> <span class='ocrx_word' id='word_1_30' title='bbox 871 763 1009 826; x_wconf 84' lang='lat' dir='ltr'><strong>Galliam</strong></span> <span class='ocrx_word' id='word_1_31' title='bbox 1037 766 1186 844; x_wconf 82' lang='lat' dir='ltr'><strong>iuxtaque</strong></span> 
     </span>
     <span class='ocr_line' id='line_1_6' title="bbox 184 869 1218 949; baseline 0.002 -19"><span class='ocrx_word' id='word_1_32' title='bbox 184 871 285 949; x_wconf 90' lang='lat' dir='ltr'><strong>ripam</strong></span> <span class='ocrx_word' id='word_1_33' title='bbox 300 870 407 931; x_wconf 87' lang='lat' dir='ltr'><strong>Rheni</strong></span> <span class='ocrx_word' id='word_1_34' title='bbox 423 871 549 931; x_wconf 88' lang='lat' dir='ltr'><strong>sedibus</strong></span> <span class='ocrx_word' id='word_1_35' title='bbox 564 870 733 948; x_wconf 87' lang='lat' dir='ltr'><strong>assignatis</strong></span> <span class='ocrx_word' id='word_1_36' title='bbox 748 869 922 931; x_wconf 88' lang='lat' dir='ltr'><strong>collocavit.</strong></span> <span class='ocrx_word' id='word_1_37' title='bbox 973 870 1056 941; x_wconf 80' lang='lat' dir='ltr'><strong>Quas</strong></span> <span class='ocrx_word' id='word_1_38' title='bbox 1077 871 1118 931; x_wconf 91' lang='lat' dir='ltr'><strong>ob</strong></span> <span class='ocrx_word' id='word_1_39' title='bbox 1137 890 1186 932; x_wconf 88' lang='lat' dir='ltr'><strong>res</strong></span> <span class='ocrx_word' id='word_1_40' title='bbox 1202 885 1218 931; x_wconf 80' lang='lat' dir='ltr'><strong>o</strong></span> 
     </span>
     <span class='ocr_line' id='line_1_7' title="bbox 185 975 1187 1054; baseline 0 -18"><span class='ocrx_word' id='word_1_41' title='bbox 185 982 216 1036; x_wconf 87' lang='lat' dir='ltr'><strong>et</strong></span> <span class='ocrx_word' id='word_1_42' title='bbox 236 993 334 1035; x_wconf 85' lang='lat' dir='ltr'><strong>ovans</strong></span> <span class='ocrx_word' id='word_1_43' title='bbox 352 982 384 1036; x_wconf 92' lang='lat' dir='ltr'><strong>et</strong></span> <span class='ocrx_word' id='word_1_44' title='bbox 400 994 492 1035; x_wconf 89' lang='lat' dir='ltr'><strong>curru</strong></span> <span class='ocrx_word' id='word_1_45' title='bbox 509 975 618 1036; x_wconf 91' lang='lat' dir='ltr'><strong>urbem</strong></span> <span class='ocrx_word' id='word_1_46' title='bbox 637 976 796 1052; x_wconf 88' lang='lat' dir='ltr'><strong>ingressus</strong></span> <span class='ocrx_word' id='word_1_47' title='bbox 817 982 875 1051; x_wconf 89' lang='lat' dir='ltr'><strong>est,</strong></span> <span class='ocrx_word' id='word_1_48' title='bbox 890 975 987 1054; x_wconf 89' lang='lat' dir='ltr'><strong>prius,</strong></span> <span class='ocrx_word' id='word_1_49' title='bbox 1002 981 1038 1035; x_wconf 86' lang='lat' dir='ltr'><strong>ut</strong></span> <span class='ocrx_word' id='word_1_50' title='bbox 1059 976 1187 1053; x_wconf 91' lang='lat' dir='ltr'><strong>quidam</strong></span> 
     </span>
     <span class='ocr_line' id='line_1_8' title="bbox 185 1079 1187 1158; baseline 0.001 -18"><span class='ocrx_word' id='word_1_51' title='bbox 185 1086 308 1158; x_wconf 90' lang='lat' dir='ltr'><strong>putant,</strong></span> <span class='ocrx_word' id='word_1_52' title='bbox 329 1079 575 1158; x_wconf 79' lang='lat' dir='ltr'><strong>triumphalibus</strong></span> <span class='ocrx_word' id='word_1_53' title='bbox 603 1081 796 1141; x_wconf 82' lang='lat' dir='ltr'><strong>ornamentis</strong></span> <span class='ocrx_word' id='word_1_54' title='bbox 824 1080 1004 1156; x_wconf 88' lang='lat' dir='ltr'><strong>honoratus,</strong></span> <span class='ocrx_word' id='word_1_55' title='bbox 1025 1099 1107 1141; x_wconf 89' lang='lat' dir='ltr'><strong>novo</strong></span> <span class='ocrx_word' id='word_1_56' title='bbox 1130 1100 1187 1141; x_wconf 90' lang='lat' dir='ltr'><strong>nec</strong></span> 
     </span>
    </p>

    <p class='ocr_par' dir='ltr' id='par_1_4' title="bbox 96 1185 865 1262">
     <span class='ocr_line' id='line_1_9' title="bbox 96 1185 865 1262; baseline -0.001 -16"><span class='ocrx_word' id='word_1_57' title='bbox 96 1198 97 1201; x_wconf 75' lang='grc'>’</span> <span class='ocrx_word' id='word_1_58' title='bbox 185 1192 279 1246; x_wconf 88' lang='lat' dir='ltr'><strong>antea</strong></span> <span class='ocrx_word' id='word_1_59' title='bbox 298 1185 446 1262; x_wconf 91' lang='lat' dir='ltr'><strong>cuiquam</strong></span> <span class='ocrx_word' id='word_1_60' title='bbox 467 1186 589 1247; x_wconf 89' lang='lat' dir='ltr'><strong>tributo</strong></span> <span class='ocrx_word' id='word_1_61' title='bbox 602 1204 713 1261; x_wconf 89' lang='lat' dir='ltr'><strong>genere</strong></span> <span class='ocrx_word' id='word_1_62' title='bbox 728 1186 865 1246; x_wconf 90' lang='lat' dir='ltr'><strong>honoris.</strong></span> 
     </span>
    </p>

    <p class='ocr_par' dir='ltr' id='par_1_5' title="bbox 186 1290 1234 1683">
     <span class='ocr_line' id='line_1_10' title="bbox 225 1290 1189 1369; baseline 0 -19"><span class='ocrx_word' id='word_1_63' title='bbox 225 1291 433 1367; x_wconf 78' lang='lat' dir='ltr'><strong>Magistratus</strong></span> <span class='ocrx_word' id='word_1_64' title='bbox 448 1297 480 1350; x_wconf 93' lang='lat' dir='ltr'><strong>et</strong></span> <span class='ocrx_word' id='word_1_65' title='bbox 494 1290 647 1352; x_wconf 89' lang='lat' dir='ltr'><strong>maturius</strong></span> <span class='ocrx_word' id='word_1_66' title='bbox 657 1290 967 1369; x_wconf 87' lang='lat' dir='ltr'><strong>incohavitetpaene</strong></span> <span class='ocrx_word' id='word_1_67' title='bbox 976 1291 1107 1352; x_wconf 90' lang='lat' dir='ltr'><strong>iunctim</strong></span> <span class='ocrx_word' id='word_1_68' title='bbox 1122 1310 1189 1368; x_wconf 90' lang='lat' dir='ltr'><strong>per-</strong></span> 
     </span>
     <span class='ocr_line' id='line_1_11' title="bbox 187 1396 1234 1474; baseline -0.005 -18"><span class='ocrx_word' id='word_1_69' title='bbox 187 1396 962 1474; x_wconf 83' lang='lat' dir='ltr'><strong>cucurrit,quaesturam,praeturam,c0nsulatum;</strong></span> <span class='ocrx_word' id='word_1_70' title='bbox 1204 1405 1234 1452; x_wconf 90' lang='lat'><strong>10</strong></span> 
     </span>
     <span class='ocr_line' id='line_1_12' title="bbox 186 1477 1145 1599; baseline -0.002 -38"><span class='ocrx_word' id='word_1_71' title='bbox 186 1501 435 1579; x_wconf 87' lang='lat' dir='ltr'><strong>interpositoque</strong></span> <span class='ocrx_word' id='word_1_72' title='bbox 449 1506 589 1579; x_wconf 88' lang='lat' dir='ltr'><strong>tempore</strong></span> <span class='ocrx_word' id='word_1_73' title='bbox 611 1500 719 1561; x_wconf 90' lang='lat' dir='ltr'><strong>consul</strong></span> <span class='ocrx_word' id='word_1_74' title='bbox 739 1501 854 1560; x_wconf 85' lang='lat' dir='ltr'><strong>iterum</strong></span> <span class='ocrx_word' id='word_1_75' title='bbox 868 1501 964 1560; x_wconf 89' lang='lat' dir='ltr'><strong>etiam</strong></span> <span class='ocrx_word' id='word_1_76' title='bbox 999 1477 1101 1599; x_wconf 49' lang='grc' dir='ltr'><strong>ἓξὲξ</strong></span> <span class='ocrx_word' id='word_1_77' title='bbox 1117 1479 1145 1525; x_wconf 57' lang='lat'><strong>*⁰</strong></span> 
     </span>
     <span class='ocr_line' id='line_1_13' title="bbox 188 1604 966 1683; baseline -0.001 -18"><span class='ocrx_word' id='word_1_78' title='bbox 188 1605 389 1667; x_wconf 87' lang='lat' dir='ltr'><strong>tribuniciam</strong></span> <span class='ocrx_word' id='word_1_79' title='bbox 401 1611 588 1683; x_wconf 86' lang='lat' dir='ltr'><strong>potestatem</strong></span> <span class='ocrx_word' id='word_1_80' title='bbox 604 1605 638 1665; x_wconf 92' lang='lat' dir='ltr'><strong>in</strong></span> <span class='ocrx_word' id='word_1_81' title='bbox 652 1604 904 1683; x_wconf 88' lang='lat' dir='ltr'><strong>quinquennium</strong></span> <span class='ocrx_word' id='word_1_82' title='bbox 918 1623 966 1665; x_wconf 90' lang='lat' dir='ltr'><strong>ac·</strong></span> 
     </span>
    </p>

    <p class='ocr_par' dir='ltr' id='par_1_6' title="bbox 142 1709 1236 3680">
     <span class='ocr_line' id='line_1_14' title="bbox 142 1709 1189 1789; baseline 0 -22"><span class='ocrx_word' id='word_1_83' title='bbox 142 1718 176 1768; x_wconf 86' lang='lat'><strong>10</strong></span> <span class='ocrx_word' id='word_1_84' title='bbox 188 1711 278 1789; x_wconf 89' lang='lat' dir='ltr'><strong>cepit.</strong></span> <span class='ocrx_word' id='word_1_85' title='bbox 323 1711 384 1770; x_wconf 83' lang='lat' dir='ltr'><strong>Tot</strong></span> <span class='ocrx_word' id='word_1_86' title='bbox 397 1710 555 1788; x_wconf 85' lang='lat' dir='ltr'><strong>prosperis</strong></span> <span class='ocrx_word' id='word_1_87' title='bbox 566 1709 806 1786; x_wconf 87' lang='lat' dir='ltr'><strong>confluentibus,</strong></span> <span class='ocrx_word' id='word_1_88' title='bbox 818 1711 941 1786; x_wconf 85' lang='lat' dir='ltr'><strong>integra</strong></span> <span class='ocrx_word' id='word_1_89' title='bbox 949 1715 1052 1770; x_wconf 84' lang='lat' dir='ltr'><strong>aetate</strong></span> <span class='ocrx_word' id='word_1_90' title='bbox 1062 1727 1098 1768; x_wconf 89' lang='lat' dir='ltr'><strong>ac</strong></span> <span class='ocrx_word' id='word_1_91' title='bbox 1108 1709 1189 1768; x_wconf 83' lang='lat' dir='ltr'><strong>vale</strong></span> 
     </span>
     <span class='ocr_line' id='line_1_15' title="bbox 187 1813 1190 1894; baseline -0.003 -19"><span class='ocrx_word' id='word_1_92' title='bbox 187 1817 297 1890; x_wconf 87' lang='lat' dir='ltr'><strong>tudine</strong></span> <span class='ocrx_word' id='word_1_93' title='bbox 312 1815 426 1875; x_wconf 86' lang='lat' dir='ltr'><strong>statuit</strong></span> <span class='ocrx_word' id='word_1_94' title='bbox 444 1821 572 1894; x_wconf 83' lang='lat' dir='ltr'><strong>repente</strong></span> <span class='ocrx_word' id='word_1_95' title='bbox 590 1815 733 1876; x_wconf 90' lang='lat' dir='ltr'><strong>secedere</strong></span> <span class='ocrx_word' id='word_1_96' title='bbox 751 1833 846 1892; x_wconf 89' lang='lat' dir='ltr'><strong>seque</strong></span> <span class='ocrx_word' id='word_1_97' title='bbox 864 1834 881 1875; x_wconf 88' lang='lat' dir='ltr'><strong>e</strong></span> <span class='ocrx_word' id='word_1_98' title='bbox 900 1815 1002 1874; x_wconf 92' lang='lat' dir='ltr'><strong>medio</strong></span> <span class='ocrx_word' id='word_1_99' title='bbox 1016 1832 1111 1891; x_wconf 90' lang='lat' dir='ltr'><strong>quam</strong></span> <span class='ocrx_word' id='word_1_100' title='bbox 1125 1813 1190 1873; x_wconf 92' lang='lat' dir='ltr'><strong>lou-</strong></span> 
     </span>
     <span class='ocr_line' id='line_1_16' title="bbox 188 1920 1234 1998; baseline 0.003 -18"><span class='ocrx_word' id='word_1_101' title='bbox 188 1921 315 1998; x_wconf 85' lang='lat' dir='ltr'><strong>gissime</strong></span> <span class='ocrx_word' id='word_1_102' title='bbox 337 1939 497 1981; x_wconf 87' lang='lat' dir='ltr'><strong>amovere:</strong></span> <span class='ocrx_word' id='word_1_103' title='bbox 521 1920 662 1995; x_wconf 90' lang='lat' dir='ltr'><strong>dubium,</strong></span> <span class='ocrx_word' id='word_1_104' title='bbox 677 1921 826 1981; x_wconf 78' lang='lat' dir='ltr'><strong>uxorisne</strong></span> <span class='ocrx_word' id='word_1_105' title='bbox 846 1920 959 1994; x_wconf 86' lang='lat' dir='ltr'><strong>taedio,</strong></span> <span class='ocrx_word' id='word_1_106' title='bbox 975 1938 1067 1996; x_wconf 90' lang='lat' dir='ltr'><strong>quam</strong></span> <span class='ocrx_word' id='word_1_107' title='bbox 1088 1937 1190 1995; x_wconf 91' lang='lat' dir='ltr'><strong>neque</strong></span> <span class='ocrx_word' id='word_1_108' title='bbox 1206 1936 1234 1983; x_wconf 72' lang='lat'><strong>15</strong></span> 
     </span>
     <span class='ocr_line' id='line_1_17' title="bbox 187 2024 1190 2102; baseline -0.003 -17"><span class='ocrx_word' id='word_1_109' title='bbox 187 2025 348 2085; x_wconf 90' lang='lat' dir='ltr'><strong>criminari</strong></span> <span class='ocrx_word' id='word_1_110' title='bbox 363 2032 419 2086; x_wconf 88' lang='lat' dir='ltr'><strong>aut</strong></span> <span class='ocrx_word' id='word_1_111' title='bbox 437 2025 598 2086; x_wconf 88' lang='lat' dir='ltr'><strong>dimittere</strong></span> <span class='ocrx_word' id='word_1_112' title='bbox 612 2026 741 2085; x_wconf 88' lang='lat' dir='ltr'><strong>auderet</strong></span> <span class='ocrx_word' id='word_1_113' title='bbox 755 2043 857 2102; x_wconf 87' lang='lat' dir='ltr'><strong>neque</strong></span> <span class='ocrx_word' id='word_1_114' title='bbox 871 2024 956 2084; x_wconf 91' lang='lat' dir='ltr'><strong>ultra</strong></span> <span class='ocrx_word' id='word_1_115' title='bbox 969 2025 1108 2101; x_wconf 80' lang='lat' dir='ltr'><strong>perferre</strong></span> <span class='ocrx_word' id='word_1_116' title='bbox 1122 2042 1190 2100; x_wconf 90' lang='lat' dir='ltr'><strong>pos-</strong></span> 
     </span>
     <span class='ocr_line' id='line_1_18' title="bbox 187 2129 1190 2207; baseline -0.003 -17"><span class='ocrx_word' id='word_1_117' title='bbox 187 2137 243 2207; x_wconf 87' lang='lat' dir='ltr'><strong>sot,</strong></span> <span class='ocrx_word' id='word_1_118' title='bbox 257 2149 299 2191; x_wconf 89' lang='lat' dir='ltr'><strong>an</strong></span> <span class='ocrx_word' id='word_1_119' title='bbox 310 2136 346 2190; x_wconf 89' lang='lat' dir='ltr'><strong>ut</strong></span> <span class='ocrx_word' id='word_1_120' title='bbox 357 2131 459 2191; x_wconf 86' lang='lat' dir='ltr'><strong>vitato</strong></span> <span class='ocrx_word' id='word_1_121' title='bbox 468 2129 666 2191; x_wconf 88' lang='lat' dir='ltr'><strong>assiduitatis</strong></span> <span class='ocrx_word' id='word_1_122' title='bbox 677 2130 809 2191; x_wconf 84' lang='lat' dir='ltr'><strong>fastidio</strong></span> <span class='ocrx_word' id='word_1_123' title='bbox 819 2130 1037 2190; x_wconf 87' lang='lat' dir='ltr'><strong>auctoritatem</strong></span> <span class='ocrx_word' id='word_1_124' title='bbox 1048 2129 1190 2188; x_wconf 88' lang='lat' dir='ltr'><strong>absentia</strong></span> 
     </span>
     <span class='ocr_line' id='line_1_19' title="bbox 187 2234 1189 2312; baseline -0.001 -17"><span class='ocrx_word' id='word_1_125' title='bbox 187 2242 327 2296; x_wconf 87' lang='lat' dir='ltr'><strong>tueretur</strong></span> <span class='ocrx_word' id='word_1_126' title='bbox 339 2242 434 2311; x_wconf 88' lang='lat' dir='ltr'><strong>atque</strong></span> <span class='ocrx_word' id='word_1_127' title='bbox 448 2235 542 2295; x_wconf 88' lang='lat' dir='ltr'><strong>etiam</strong></span> <span class='ocrx_word' id='word_1_128' title='bbox 556 2241 691 2312; x_wconf 87' lang='lat' dir='ltr'><strong>augeret,</strong></span> <span class='ocrx_word' id='word_1_129' title='bbox 704 2234 732 2296; x_wconf 87' lang='lat' dir='ltr'><strong>si</strong></span> <span class='ocrx_word' id='word_1_130' title='bbox 743 2236 869 2312; x_wconf 88' lang='lat' dir='ltr'><strong>quando</strong></span> <span class='ocrx_word' id='word_1_131' title='bbox 879 2234 1068 2312; x_wconf 83' lang='lat' dir='ltr'><strong>indiguisset</strong></span> <span class='ocrx_word' id='word_1_132' title='bbox 1079 2234 1129 2294; x_wconf 89' lang='lat' dir='ltr'><strong>sui</strong></span> <span class='ocrx_word' id='word_1_133' title='bbox 1140 2252 1189 2294; x_wconf 89' lang='lat' dir='ltr'><strong>res</strong></span> 
     </span>
     <span class='ocr_line' id='line_1_20' title="bbox 187 2338 1188 2418; baseline 0 -19"><span class='ocrx_word' id='word_1_134' title='bbox 187 2340 321 2418; x_wconf 90' lang='lat' dir='ltr'><strong>publica</strong></span> <span class='ocrx_word' id='word_1_135' title='bbox 352 2339 487 2411; x_wconf 80' lang='lat' dir='ltr'><strong>Quidam</strong></span> <span class='ocrx_word' id='word_1_136' title='bbox 501 2339 694 2415; x_wconf 83' lang='lat' dir='ltr'><strong>existimant,</strong></span> <span class='ocrx_word' id='word_1_137' title='bbox 709 2340 828 2400; x_wconf 92' lang='lat' dir='ltr'><strong>adultis</strong></span> <span class='ocrx_word' id='word_1_138' title='bbox 842 2341 905 2400; x_wconf 92' lang='lat' dir='ltr'><strong>iam</strong></span> <span class='ocrx_word' id='word_1_139' title='bbox 919 2339 1057 2415; x_wconf 83' lang='lat' dir='ltr'><strong>Augusti</strong></span> <span class='ocrx_word' id='word_1_140' title='bbox 1071 2338 1188 2414; x_wconf 89' lang='lat' dir='ltr'><strong>liberis,</strong></span> 
     </span>
     <span class='ocr_line' id='line_1_21' title="bbox 187 2444 1236 2523; baseline -0.001 -19"><span class='ocrx_word' id='word_1_141' title='bbox 187 2444 254 2505; x_wconf 87' lang='lat' dir='ltr'><strong>loco</strong></span> <span class='ocrx_word' id='word_1_142' title='bbox 268 2451 301 2505; x_wconf 89' lang='lat' dir='ltr'><strong>et</strong></span> <span class='ocrx_word' id='word_1_143' title='bbox 316 2445 407 2522; x_wconf 89' lang='lat' dir='ltr'><strong>quasi</strong></span> <span class='ocrx_word' id='word_1_144' title='bbox 421 2445 617 2523; x_wconf 88' lang='lat' dir='ltr'><strong>possessione</strong></span> <span class='ocrx_word' id='word_1_145' title='bbox 628 2446 772 2523; x_wconf 86' lang='lat' dir='ltr'><strong>usurpati</strong></span> <span class='ocrx_word' id='word_1_146' title='bbox 786 2464 806 2505; x_wconf 89' lang='lat' dir='ltr'><strong>a</strong></span> <span class='ocrx_word' id='word_1_147' title='bbox 819 2464 852 2506; x_wconf 88' lang='lat' dir='ltr'><strong>se</strong></span> <span class='ocrx_word' id='word_1_148' title='bbox 866 2445 922 2505; x_wconf 92' lang='lat' dir='ltr'><strong>diu</strong></span> <span class='ocrx_word' id='word_1_149' title='bbox 933 2444 1062 2505; x_wconf 87' lang='lat' dir='ltr'><strong>secundi</strong></span> <span class='ocrx_word' id='word_1_150' title='bbox 1076 2444 1190 2520; x_wconf 88' lang='lat' dir='ltr'><strong>gradus</strong></span> <span class='ocrx_word' id='word_1_151' title='bbox 1205 2459 1236 2504; x_wconf 79' lang='lat' dir='ltr'><strong>co</strong></span> 
     </span>
     <span class='ocr_line' id='line_1_22' title="bbox 189 2549 1190 2629; baseline -0.002 -18"><span class='ocrx_word' id='word_1_152' title='bbox 189 2558 299 2629; x_wconf 88' lang='lat' dir='ltr'><strong>sponte</strong></span> <span class='ocrx_word' id='word_1_153' title='bbox 313 2551 454 2625; x_wconf 86' lang='lat' dir='ltr'><strong>cessisse,</strong></span> <span class='ocrx_word' id='word_1_154' title='bbox 466 2550 609 2627; x_wconf 87' lang='lat' dir='ltr'><strong>exemplo</strong></span> <span class='ocrx_word' id='word_1_155' title='bbox 623 2551 667 2610; x_wconf 90' lang='lat' dir='ltr'><strong>M.</strong></span> <span class='ocrx_word' id='word_1_156' title='bbox 680 2550 841 2629; x_wconf 88' lang='lat' dir='ltr'><strong>Agrippae</strong></span> <span class='ocrx_word' id='word_1_157' title='bbox 856 2550 919 2628; x_wconf 88' lang='lat' dir='ltr'><strong>qui,</strong></span> <span class='ocrx_word' id='word_1_158' title='bbox 931 2551 975 2608; x_wconf 91' lang='lat' dir='ltr'><strong>M.</strong></span> <span class='ocrx_word' id='word_1_159' title='bbox 987 2549 1139 2610; x_wconf 89' lang='lat' dir='ltr'><strong>Marcello</strong></span> <span class='ocrx_word' id='word_1_160' title='bbox 1150 2550 1190 2609; x_wconf 89' lang='lat' dir='ltr'><strong>ad</strong></span> 
     </span>
     <span class='ocr_line' id='line_1_23' title="bbox 189 2654 1191 2734; baseline -0.001 -20"><span class='ocrx_word' id='word_1_161' title='bbox 189 2674 318 2716; x_wconf 89' lang='lat' dir='ltr'><strong>munera</strong></span> <span class='ocrx_word' id='word_1_162' title='bbox 342 2654 470 2733; x_wconf 91' lang='lat' dir='ltr'><strong>publica</strong></span> <span class='ocrx_word' id='word_1_163' title='bbox 494 2655 630 2729; x_wconf 89' lang='lat' dir='ltr'><strong>admoto,</strong></span> <span class='ocrx_word' id='word_1_164' title='bbox 655 2654 829 2734; x_wconf 87' lang='lat' dir='ltr'><strong>Mytilenas</strong></span> <span class='ocrx_word' id='word_1_165' title='bbox 854 2654 976 2729; x_wconf 89' lang='lat' dir='ltr'><strong>abierit,</strong></span> <span class='ocrx_word' id='word_1_166' title='bbox 999 2674 1039 2715; x_wconf 89' lang='lat' dir='ltr'><strong>ne</strong></span> <span class='ocrx_word' id='word_1_167' title='bbox 1063 2660 1118 2714; x_wconf 89' lang='lat' dir='ltr'><strong>aut</strong></span> <span class='ocrx_word' id='word_1_168' title='bbox 1141 2655 1191 2714; x_wconf 84' lang='lat' dir='ltr'><strong>ob</strong></span> 
     </span>
     <span class='ocr_line' id='line_1_24' title="bbox 188 2760 1190 2839; baseline -0.003 -17"><span class='ocrx_word' id='word_1_169' title='bbox 188 2767 270 2822; x_wconf 87' lang='lat' dir='ltr'><strong>stare</strong></span> <span class='ocrx_word' id='word_1_170' title='bbox 291 2766 348 2821; x_wconf 90' lang='lat' dir='ltr'><strong>aut</strong></span> <span class='ocrx_word' id='word_1_171' title='bbox 369 2761 542 2821; x_wconf 89' lang='lat' dir='ltr'><strong>obtrectare</strong></span> <span class='ocrx_word' id='word_1_172' title='bbox 563 2779 711 2839; x_wconf 89' lang='lat' dir='ltr'><strong>praesens</strong></span> <span class='ocrx_word' id='word_1_173' title='bbox 735 2761 902 2821; x_wconf 88' lang='lat' dir='ltr'><strong>videretur.</strong></span> <span class='ocrx_word' id='word_1_174' title='bbox 944 2760 1042 2830; x_wconf 79' lang='lat' dir='ltr'><strong>Quam</strong></span> <span class='ocrx_word' id='word_1_175' title='bbox 1065 2778 1190 2819; x_wconf 89' lang='lat' dir='ltr'><strong>causam</strong></span> 
     </span>
     <span class='ocr_line' id='line_1_25' title="bbox 188 2864 1190 2945; baseline -0.003 -19"><span class='ocrx_word' id='word_1_176' title='bbox 188 2872 219 2926; x_wconf 89' lang='lat' dir='ltr'><strong>et</strong></span> <span class='ocrx_word' id='word_1_177' title='bbox 246 2867 325 2945; x_wconf 91' lang='lat' dir='ltr'><strong>ipse,</strong></span> <span class='ocrx_word' id='word_1_178' title='bbox 355 2866 411 2927; x_wconf 87' lang='lat' dir='ltr'><strong>sed</strong></span> <span class='ocrx_word' id='word_1_179' title='bbox 439 2871 557 2943; x_wconf 90' lang='lat' dir='ltr'><strong>postea,</strong></span> <span class='ocrx_word' id='word_1_180' title='bbox 587 2865 734 2926; x_wconf 88' lang='lat' dir='ltr'><strong>reddidit.</strong></span> <span class='ocrx_word' id='word_1_181' title='bbox 789 2867 877 2926; x_wconf 84' lang='lat' dir='ltr'><strong>Tunc</strong></span> <span class='ocrx_word' id='word_1_182' title='bbox 904 2872 1011 2926; x_wconf 89' lang='lat' dir='ltr'><strong>autem</strong></span> <span class='ocrx_word' id='word_1_183' title='bbox 1039 2864 1190 2924; x_wconf 89' lang='lat' dir='ltr'><strong>honorum</strong></span> 
     </span>
     <span class='ocr_line' id='line_1_26' title="bbox 189 2970 1236 3048; baseline 0 -16"><span class='ocrx_word' id='word_1_184' title='bbox 189 2972 367 3032; x_wconf 86' lang='lat' dir='ltr'><strong>satietatem</strong></span> <span class='ocrx_word' id='word_1_185' title='bbox 387 2989 423 3031; x_wconf 92' lang='lat' dir='ltr'><strong>ac</strong></span> <span class='ocrx_word' id='word_1_186' title='bbox 441 2970 581 3047; x_wconf 89' lang='lat' dir='ltr'><strong>requiem</strong></span> <span class='ocrx_word' id='word_1_187' title='bbox 595 2971 736 3031; x_wconf 89' lang='lat' dir='ltr'><strong>laborum</strong></span> <span class='ocrx_word' id='word_1_188' title='bbox 751 2972 969 3048; x_wconf 86' lang='lat' dir='ltr'><strong>praetendens,</strong></span> <span class='ocrx_word' id='word_1_189' title='bbox 983 2975 1190 3030; x_wconf 88' lang='lat' dir='ltr'><strong>commeatum</strong></span> <span class='ocrx_word' id='word_1_190' title='bbox 1207 2986 1236 3032; x_wconf 76' lang='lat'><strong>25</strong></span> 
     </span>
     <span class='ocr_line' id='line_1_27' title="bbox 188 3074 1191 3154; baseline -0.003 -18"><span class='ocrx_word' id='word_1_191' title='bbox 188 3077 285 3154; x_wconf 83' lang='lat' dir='ltr'><strong>petit3</strong></span> <span class='ocrx_word' id='word_1_192' title='bbox 309 3094 410 3153; x_wconf 90' lang='lat' dir='ltr'><strong>neque</strong></span> <span class='ocrx_word' id='word_1_193' title='bbox 432 3081 487 3135; x_wconf 92' lang='lat' dir='ltr'><strong>aut</strong></span> <span class='ocrx_word' id='word_1_194' title='bbox 507 3075 602 3137; x_wconf 86' lang='lat' dir='ltr'><strong>matri</strong></span> <span class='ocrx_word' id='word_1_195' title='bbox 625 3076 810 3154; x_wconf 91' lang='lat' dir='ltr'><strong>suppliciter</strong></span> <span class='ocrx_word' id='word_1_196' title='bbox 830 3076 980 3154; x_wconf 88' lang='lat' dir='ltr'><strong>precanti,</strong></span> <span class='ocrx_word' id='word_1_197' title='bbox 1002 3081 1057 3135; x_wconf 89' lang='lat' dir='ltr'><strong>aut</strong></span> <span class='ocrx_word' id='word_1_198' title='bbox 1077 3074 1191 3134; x_wconf 83' lang='lat' dir='ltr'><strong>vitrico</strong></span> 
     </span>
     <span class='ocr_line' id='line_1_28' title="bbox 189 3180 1189 3258; baseline -0.001 -18"><span class='ocrx_word' id='word_1_199' title='bbox 189 3181 290 3242; x_wconf 89' lang='lat' dir='ltr'><strong>deseri</strong></span> <span class='ocrx_word' id='word_1_200' title='bbox 318 3199 351 3241; x_wconf 90' lang='lat' dir='ltr'><strong>se</strong></span> <span class='ocrx_word' id='word_1_201' title='bbox 380 3180 475 3240; x_wconf 91' lang='lat' dir='ltr'><strong>etiam</strong></span> <span class='ocrx_word' id='word_1_202' title='bbox 503 3181 537 3240; x_wconf 93' lang='lat' dir='ltr'><strong>in</strong></span> <span class='ocrx_word' id='word_1_203' title='bbox 568 3187 678 3241; x_wconf 90' lang='lat' dir='ltr'><strong>senatu</strong></span> <span class='ocrx_word' id='word_1_204' title='bbox 708 3181 912 3258; x_wconf 87' lang='lat' dir='ltr'><strong>conquerenti</strong></span> <span class='ocrx_word' id='word_1_205' title='bbox 939 3181 1063 3241; x_wconf 86' lang='lat' dir='ltr'><strong>veniam</strong></span> <span class='ocrx_word' id='word_1_206' title='bbox 1094 3180 1189 3240; x_wconf 87' lang='lat' dir='ltr'><strong>dedit.</strong></span> 
     </span>
     <span class='ocr_line' id='line_1_29' title="bbox 189 3285 1190 3364; baseline -0.001 -19"><span class='ocrx_word' id='word_1_207' title='bbox 189 3285 271 3357; x_wconf 80' lang='lat' dir='ltr'><strong>Quin</strong></span> <span class='ocrx_word' id='word_1_208' title='bbox 291 3291 323 3346; x_wconf 90' lang='lat' dir='ltr'><strong>et</strong></span> <span class='ocrx_word' id='word_1_209' title='bbox 348 3285 541 3363; x_wconf 90' lang='lat' dir='ltr'><strong>pertinacius</strong></span> <span class='ocrx_word' id='word_1_210' title='bbox 565 3287 784 3363; x_wconf 85' lang='lat' dir='ltr'><strong>retinentibus,</strong></span> <span class='ocrx_word' id='word_1_211' title='bbox 808 3288 877 3348; x_wconf 92' lang='lat' dir='ltr'><strong>cibo</strong></span> <span class='ocrx_word' id='word_1_212' title='bbox 901 3306 957 3364; x_wconf 88' lang='lat' dir='ltr'><strong>per</strong></span> <span class='ocrx_word' id='word_1_213' title='bbox 981 3286 1190 3364; x_wconf 85' lang='lat' dir='ltr'><strong>quadriduum</strong></span> 
     </span>
     <span class='ocr_line' id='line_1_30' title="bbox 189 3390 1191 3472; baseline 0.001 -22"><span class='ocrx_word' id='word_1_214' title='bbox 189 3391 351 3452; x_wconf 88' lang='lat' dir='ltr'><strong>abstinuit.</strong></span> <span class='ocrx_word' id='word_1_215' title='bbox 408 3393 506 3452; x_wconf 84' lang='lat' dir='ltr'><strong>Facta</strong></span> <span class='ocrx_word' id='word_1_216' title='bbox 539 3393 668 3453; x_wconf 89' lang='lat' dir='ltr'><strong>tandem</strong></span> <span class='ocrx_word' id='word_1_217' title='bbox 703 3394 837 3453; x_wconf 88' lang='lat' dir='ltr'><strong>abeundi</strong></span> <span class='ocrx_word' id='word_1_218' title='bbox 872 3398 1036 3472; x_wconf 89' lang='lat' dir='ltr'><strong>potestate,</strong></span> <span class='ocrx_word' id='word_1_219' title='bbox 1072 3390 1191 3451; x_wconf 87' lang='lat' dir='ltr'><strong>relictis</strong></span> 
     </span>
     <span class='ocr_line' id='line_1_31' title="bbox 189 3495 1236 3571; baseline 0.003 -16"><span class='ocrx_word' id='word_1_220' title='bbox 189 3495 308 3556; x_wconf 85' lang='lat' dir='ltr'><strong>Romae</strong></span> <span class='ocrx_word' id='word_1_221' title='bbox 337 3514 435 3556; x_wconf 76' lang='lat' dir='ltr'><strong>rurore</strong></span> <span class='ocrx_word' id='word_1_222' title='bbox 464 3503 496 3557; x_wconf 92' lang='lat' dir='ltr'><strong>et</strong></span> <span class='ocrx_word' id='word_1_223' title='bbox 519 3496 586 3557; x_wconf 90' lang='lat' dir='ltr'><strong>filio</strong></span> <span class='ocrx_word' id='word_1_224' title='bbox 610 3498 776 3559; x_wconf 81' lang='lat' dir='ltr'><strong>confestim</strong></span> <span class='ocrx_word' id='word_1_225' title='bbox 804 3499 926 3561; x_wconf 86' lang='lat' dir='ltr'><strong>Ostiam</strong></span> <span class='ocrx_word' id='word_1_226' title='bbox 954 3497 1128 3571; x_wconf 86' lang='lat' dir='ltr'><strong>descendit,</strong></span> <span class='ocrx_word' id='word_1_227' title='bbox 1151 3515 1191 3555; x_wconf 87' lang='lat' dir='ltr'><strong>no</strong></span> <span class='ocrx_word' id='word_1_228' title='bbox 1207 3512 1236 3558; x_wconf 75' lang='lat' dir='ltr'><strong>eo</strong></span> 
     </span>
     <span class='ocr_line' id='line_1_32' title="bbox 190 3601 1192 3680; baseline -0.001 -21"><span class='ocrx_word' id='word_1_229' title='bbox 190 3602 283 3662; x_wconf 88' lang='lat' dir='ltr'><strong>verbo</strong></span> <span class='ocrx_word' id='word_1_230' title='bbox 298 3601 427 3680; x_wconf 88' lang='lat' dir='ltr'><strong>quidem</strong></span> <span class='ocrx_word' id='word_1_231' title='bbox 443 3601 587 3678; x_wconf 89' lang='lat' dir='ltr'><strong>cuiquam</strong></span> <span class='ocrx_word' id='word_1_232' title='bbox 606 3604 862 3680; x_wconf 89' lang='lat' dir='ltr'><strong>prosequentium</strong></span> <span class='ocrx_word' id='word_1_233' title='bbox 876 3604 1000 3663; x_wconf 89' lang='lat' dir='ltr'><strong>reddito</strong></span> <span class='ocrx_word' id='word_1_234' title='bbox 1015 3618 1192 3680; x_wconf 89' lang='lat' dir='ltr'><strong>paucosque</strong></span> 
     </span>
    </p>

    <p class='ocr_par' dir='ltr' id='par_1_7' title="bbox 144 3704 1193 3781">
     <span class='ocr_line' id='line_1_33' title="bbox 144 3704 1193 3781; baseline 0.002 -20"><span class='ocrx_word' id='word_1_235' title='bbox 144 3706 178 3761; x_wconf 93' lang='lat'><strong>11</strong></span> <span class='ocrx_word' id='word_1_236' title='bbox 191 3706 359 3767; x_wconf 85' lang='lat' dir='ltr'><strong>admodum</strong></span> <span class='ocrx_word' id='word_1_237' title='bbox 374 3705 409 3764; x_wconf 91' lang='lat' dir='ltr'><strong>in</strong></span> <span class='ocrx_word' id='word_1_238' title='bbox 422 3704 567 3781; x_wconf 88' lang='lat' dir='ltr'><strong>digressu</strong></span> <span class='ocrx_word' id='word_1_239' title='bbox 581 3706 791 3768; x_wconf 82' lang='lat' dir='ltr'><strong>exosculatus.</strong></span> <span class='ocrx_word' id='word_1_240' title='bbox 834 3708 886 3769; x_wconf 83' lang='lat' dir='ltr'><strong>Ab</strong></span> <span class='ocrx_word' id='word_1_241' title='bbox 900 3707 992 3769; x_wconf 90' lang='lat' dir='ltr'><strong>Ostia</strong></span> <span class='ocrx_word' id='word_1_242' title='bbox 1005 3724 1089 3766; x_wconf 89' lang='lat' dir='ltr'><strong>oram</strong></span> <span class='ocrx_word' id='word_1_243' title='bbox 1105 3705 1193 3764; x_wconf 84' lang='lat' dir='ltr'><strong>Cam-</strong></span> 
     </span>
    </p>
   </div>
   <div class='ocr_carea' id='block_1_4' title="bbox 0 0 1501 4359">
    <p class='ocr_par' dir='ltr' id='par_1_8' title="bbox 0 0 1501 4359">
     <span class='ocr_line' id='line_1_34' title="bbox 0 0 1501 4359; baseline 0 0"><span class='ocrx_word' id='word_1_244' title='bbox 0 0 1501 4359; x_wconf 95' lang='lat' dir='ltr'><strong> </strong></span> 
     </span>
    </p>
   </div>
  </div>
 </body>
</html>
