2984 4359
414 278 526 328 nmen
549 279 583 329 ν.
634 279 747 330 mvus
771 278 965 332 cosumus
1152 269 1195 333 93

222 448 449 527 Triumphalia
462 456 646 511 ornamenta
661 450 777 527 Silano,
793 451 878 513 filiae
893 471 968 513 suae
982 471 1106 531 sponso,
1122 472 1195 513 non-

180 552 261 612 dnm
282 554 395 632 puberi
416 554 515 629 dedit,
529 554 700 615 maioribus
715 575 789 615 vero
810 564 887 616 natu
905 562 970 616 tam
989 557 1100 617 multis
1120 565 1196 618 tarn·

181 676 245 735 que
254 659 362 733 facile,
372 665 408 717 ut
416 656 555 735 epistula
563 655 720 746 communi
732 654 891 731 legionum
903 657 1027 717 nomine
1039 659 1198 719 exstiterit

182 764 373 842 petentium,
387 760 551 837 utlagatis
566 760 784 822 consularibus
805 762 900 821 simul
918 782 989 823 curn
1006 766 1148 826 exercitu
1162 772 1195 827 et

182 867 396 946 triumphalia
423 867 583 942 darentur,
611 885 651 926 ne
679 885 806 927 causam
833 865 910 926 belli
944 886 1068 945 quoquo
1103 869 1226 932 modos

184 978 382 1052 quaererent.
426 971 509 1031 Aulo
531 970 657 1031 Plautio
677 971 774 1031 etiam
795 970 973 1031 ovationem
993 973 1132 1033 decrevit
1152 973 1197 1032 in·
1302 1042 1306 1050 Ι

185 1097 357 1156 gressuque
382 1077 494 1158 urbem
522 1076 647 1137 obviam
674 1094 868 1154 progressus,
890 1082 922 1136 et
949 1077 983 1136 in
1004 1078 1195 1156 Capitolium

186 1186 277 1244 eunti
305 1189 339 1244 et
364 1183 439 1243 inde
466 1201 575 1243 rursus
603 1180 773 1241 revertenti
800 1180 885 1242 latus
913 1182 1002 1242 texit
1060 1183 1196 1244 Gabinio

188 1290 343 1364 Secundo,
359 1287 494 1349 Chaucis
517 1293 610 1364 gente
632 1285 820 1348 Germanica
840 1287 1006 1364 superatis,
1025 1306 1196 1366 cognomen

189 1394 349 1455 Chaucius
362 1410 515 1471 usurpare
529 1391 694 1453 concessit.
1215 1410 1243 1455 10

138 1514 175 1565 25
230 1498 398 1578 Equestris
413 1497 545 1557 militias
560 1496 607 1557 ita
620 1495 789 1573 ordinarit,
801 1501 838 1556 ut
847 1502 920 1576 post
930 1497 1088 1558 cohortem
1104 1498 1196 1574 alam,

189 1612 262 1684 post
277 1605 359 1665 alam
374 1604 571 1663 tribunatum
585 1602 719 1679 legionis
734 1602 839 1678 daret3
866 1602 1086 1681 stipendiaque
1109 1603 1198 1665 insti·

191 1711 255 1770 tuit
265 1717 298 1769 et
309 1708 514 1785 imaginariae
525 1706 660 1768 militiae
671 1726 780 1784 genus,
790 1708 875 1785 quod
886 1726 972 1767 voca

190 1821 244 1875 tur
267 1834 363 1891 surpra
383 1832 553 1888 azimorum,
576 1831 638 1890 quo
657 1812 803 1873 absentes
824 1818 856 1872 et
877 1812 973 1872 titulo
1023 1790 1140 1913 {iffi

192 1926 285 1980 tenus
293 1921 511 1995 fungerentur.
547 1917 669 1977 Milites
678 1917 787 1977 domos
800 1916 973 1978 senatorias
1216 1937 1245 1985 15

194 2026 353 2087 salutandi
367 2043 461 2085 causa
475 2023 598 2101 ingredi
617 2023 713 2083 etiam
735 2028 861 2102 patrum
883 2023 1006 2084 decreto
1027 2022 1197 2102 prohibuit.

195 2131 382 2207 Libertinos,
396 2113 460 2208 qui
475 2148 508 2190 se
527 2148 585 2207 pro
605 2114 765 2206 equitibus
779 2127 932 2189 Romanis
948 2134 1085 2204 agerent,
1100 2128 1200 2206 publi-

195 2236 284 2296 carit.
328 2236 475 2312 Ingratos
489 2239 522 2294 et
536 2234 575 2294 de
590 2233 704 2311 quibus
718 2232 845 2311 patroni
860 2239 1064 2311 quererentur
1079 2252 1201 2310 revoca

195 2341 241 2401 rit
255 2342 289 2401 in
304 2341 488 2402 servitutem
503 2338 728 2416 advocatisque
738 2356 846 2398 eorum
857 2338 993 2414 negavit,
1006 2358 1039 2399 se
1050 2339 1200 2401 adversus

194 2447 324 2507 libertos
338 2445 475 2524 ipsorum
499 2444 549 2504 ius
570 2444 738 2504 dicturum.
782 2443 861 2503 Cum
890 2443 1019 2521 quidam
1048 2463 1142 2520 aegra
1168 2450 1201 2504 et
1216 2463 1246 2508 no

195 2552 321 2611 adfecta
340 2548 498 2628 mancipia
518 2549 552 2609 in
573 2547 710 2609 insulam
724 2547 909 2626 Aesculapii
930 2548 1034 2609 taedio
1055 2550 1200 2609 medendi

195 2661 394 2735 exponerent,
414 2654 596 2732 omnesqui
616 2660 847 2732 exponerentur
863 2654 979 2714 liberos
1000 2672 1067 2715 esse
1085 2655 1199 2729 sanxit,

194 2781 251 2822 nec
265 2761 367 2821 redire
382 2760 417 2818 in
430 2759 583 2820 dicionem
599 2758 728 2834 domini,
745 2758 773 2819 si
789 2758 1039 2834 convaluissent3
1069 2759 1152 2836 quod
1173 2759 1201 2819 si

195 2867 266 2944 quis
280 2884 391 2926 necare
413 2884 506 2943 quem
526 2864 636 2924 mallet
656 2883 750 2942 quam
769 2882 933 2941 exponere,
948 2863 1053 2924 caedis
1071 2864 1201 2924 erimine
1304 2843 1306 2848 ¹

195 2971 304 3031 teneri.
347 2970 493 3030 Viatores
512 2989 552 3029 ne
570 2988 627 3048 per
641 2968 757 3029 Italiae
775 2970 892 3047 oppida
911 2969 973 3030 nisi
994 2974 1051 3029 aut
1069 2969 1201 3047 pedibus
1218 2979 1247 3036 ‘25

195 3083 250 3136 ant
265 3075 345 3137 sella
361 3081 417 3135 aut
436 3074 549 3135 lectica
565 3074 745 3150 transirent,
762 3074 885 3134 monuit
905 3074 1016 3134 edicto.
1059 3074 1202 3136 Puteolis
1294 3156 1297 3161 ι

196 3187 228 3241 et
254 3182 363 3243 Ostiae
392 3181 532 3258 singulas
563 3180 707 3241 cohortes
735 3182 776 3241 ad
803 3180 953 3241 arcendos
986 3180 1201 3240 incendiorum

196 3306 287 3349 casus
300 3286 476 3347 collocavit.

236 3394 425 3470 Peregrinae
452 3391 644 3453 condicionis
673 3391 816 3452 homines
836 3391 940 3451 vetuit
968 3411 1120 3471 usurpare
1143 3393 1203 3452 Ro

197 3518 289 3560 mana
302 3497 431 3559 nomina
445 3497 612 3557 dumtaxat
626 3496 797 3573 gentilicia.
841 3496 1010 3557 Civitatem
1026 3499 1202 3559 Romanam
1219 3514 1249 3559 30

195 3610 385 3682 usurpantes
400 3603 434 3663 in
448 3621 559 3681 eampo
569 3601 736 3680 Esquilino
751 3602 852 3663 securi
867 3602 1031 3680 percussit.
1075 3604 1204 3666 Provin-

198 3708 260 3771 cias
284 3709 441 3770 Achaiam
454 3714 498 3768 et
521 3706 747 3781 Macedoniam,
769 3726 848 3785 quas
870 3706 1015 3768 Tiberius
1036 3710 1077 3770 ad
1096 3729 1202 3771 euram
