2984 4359
319 239 361 304 74
395 251 427 303 c.
451 250 608 302 snsrom
631 251 859 313 nmnonmnr
882 252 933 300 nn
954 251 1045 300 vrrs
1068 251 1269 302 cussinum

318 443 404 499 num,
419 422 551 483 alterum
567 442 585 482 e
598 421 780 497 coniuratis,
792 422 954 482 tribunum
968 440 1008 483 ex
1022 423 1154 506 adverso
1164 422 1320 483 traiecisse

318 535 443 607 pectus;
464 527 520 587 alii
543 527 703 602 Sabinum,
719 535 876 587 summota
892 546 948 605 per
966 527 1107 587 conscios
1128 528 1320 588 centuriones
1463 519 1464 522 '

317 634 419 708 turba,
435 632 560 708 signum
574 650 659 691 more
674 631 809 691 militiae
823 631 950 709 petisse,
966 639 998 692 et
1012 632 1094 692 Gaio
1107 633 1215 692 Iovem
1230 633 1320 693 dante
1464 641 1465 714 l

319 738 488 800 Chaeream
524 736 733 797 exclamasse:
775 737 887 813 Accipe
920 740 1042 797 ratum!
1081 737 1320 816 respicientique

319 842 479 903 maxillam
500 841 566 902 ictu
580 820 756 902 discidisse
800 842 960 903 Iacentsm
980 842 1212 920 contractisque
1232 862 1342 907 mem-5

319 948 384 1008 bris
404 948 619 1007 clamitantem
633 966 664 1007 se
677 951 777 1008 vivere
794 946 891 1008 ceteri
909 947 1092 1009 vulneribus
1111 947 1243 1024 triginta
1257 967 1321 1008 con·

319 1054 479 1128 fecerunt3
508 1072 580 1113 nam
606 1052 731 1129 signum
755 1059 823 1114 erat
847 1053 1003 1113 omnium:
1033 1055 1164 1130 Repete!
1191 1053 1320 1125 Quidam

319 1158 414 1219 etiam
436 1177 492 1236 per
512 1158 646 1218 obscena
659 1158 778 1218 ferrum
801 1158 981 1235 adegerunt.
1038 1158 1091 1217 Ad
1114 1158 1250 1237 primum
1276 1165 1321 1219 tn-

318 1263 453 1323 multum
481 1262 635 1322 lecticarii
659 1281 730 1322 cum
758 1263 915 1324 asseribus
940 1262 974 1322 in
1002 1263 1157 1324 auxilium
1185 1283 1320 1324 accucur-

318 1375 436 1444 rerunt,
465 1387 536 1438 mox
565 1367 715 1429 Germani
742 1368 881 1446 corporis
909 1369 1064 1444 custodes,
1093 1387 1130 1429 ac
1157 1369 1320 1428 nonnullos
1335 1383 1360 1427 10

319 1492 358 1534 ex
384 1473 630 1551 percussoribus,
665 1473 819 1550 quosdam
853 1474 949 1533 etiam
985 1481 1145 1534 senatores
1179 1473 1319 1534 innoxios

319 1579 553 1639 iuteremerunt.

266 1688 305 1740 59
360 1683 450 1744 Vixit
464 1683 555 1744 annis
569 1683 686 1761 viginti
699 1702 823 1759 novem,
839 1682 1008 1762 imperavit
1021 1684 1158 1746 triennio
1171 1692 1204 1745 et
1217 1686 1320 1745 decem

319 1788 478 1849 mensibus
499 1788 672 1866 diebusque
693 1794 772 1848 octo.
816 1789 957 1849 Cadaver
978 1788 1045 1849 eius
1066 1789 1147 1850 clam
1167 1790 1202 1849 in
1218 1791 1320 1849 hortos

320 1893 488 1953 Lamianos
510 1898 715 1971 asportatum,
738 1899 771 1953 et
793 1893 1001 1953 tumultuario
1026 1913 1100 1969 rogo
1125 1962 1211 2009 Burin
1336 1909 1361 1954 15

320 1998 578 2059 semiambustum
605 1997 670 2058 levi
697 1999 836 2076 caespite
863 1999 1010 2059 obmtum
1040 2005 1099 2074 est,

319 2108 430 2181 postea
443 2122 498 2180 per
509 2121 629 2163 sorores
643 2103 684 2163 ab
697 2102 795 2163 exilio
811 2122 952 2163 reversas
971 2110 1095 2164 erutum
1109 2109 1141 2163 et
1155 2109 1321 2164 crematum

320 2207 548 2285 sepultumque.
585 2208 669 2268 Satis
680 2214 813 2284 constat,
825 2208 1006 2287 priusquam
1020 2209 1052 2268 id
1064 2208 1153 2268 fieret
1163 2208 1322 2267 hortorum

319 2313 465 2372 custodes
486 2313 605 2373 umbris
628 2313 838 2391 inquietatem
861 2312 894 2372 in
909 2332 946 2373 ea
960 2331 1084 2392 quoque
1098 2313 1200 2387 domo,
1215 2313 1248 2371 in
1263 2332 1323 2390 qua

320 2417 507 2492 occubuerit,
520 2418 640 2478 nullam
655 2426 778 2480 noctem
791 2419 859 2480 sine
873 2419 979 2497 aliquo
993 2424 1111 2479 terrore
1124 2424 1320 2491 transactam,
1336 2432 1363 2476 20

320 2523 419 2583 donec
437 2523 508 2601 ipsa
527 2523 638 2583 domus
658 2524 804 2585 incendio
822 2529 1008 2603 consumpta
1022 2524 1071 2584 sit.
1114 2524 1204 2583 Perit
1218 2542 1279 2582 una
1292 2529 1322 2581 et

319 2647 398 2688 uxor
408 2628 562 2689 Caesonia
575 2629 681 2705 gladio
694 2649 714 2690 a
728 2632 910 2690 centurione
921 2629 1076 2704 confossa,
1088 2635 1121 2688 et
1134 2627 1202 2688 filia
1211 2627 1322 2706 parieti

320 2734 422 2795 inlisa
492 2799 500 2808 ,

268 2841 307 2892 60
360 2839 582 2900 Condicionem
602 2846 779 2919 temporum
800 2839 927 2900 illorum
945 2841 1041 2900 stiam
1062 2857 1118 2917 per
1139 2838 1215 2898 haec
1236 2837 1324 2898 aesti-

321 2963 405 3005 mare
429 2945 535 3022 quivis
560 2946 668 3023 possit.
719 2947 803 3006 Nam
827 2964 927 3022 neque
949 2945 1042 3005 caede
1065 2943 1194 3019 vulgata
1217 2942 1322 3003 statim
1338 2954 1363 2998 rs

320 3050 474 3110 erenum
489 3057 546 3125 est,
561 3035 686 3128 fuitque
701 3050 847 3128 suspicio,
863 3050 902 3110 ab
916 3049 985 3127 ipso
999 3047 1079 3109 saio
1090 3048 1208 3107 famam
1222 3047 1323 3107 caeos

321 3156 504 3216 simulatam
532 3162 564 3216 et
590 3156 746 3230 emissam,
772 3163 865 3216 uteo
888 3162 981 3234 pacto
1004 3153 1101 3213 homi-

321 3281 396 3321 num
421 3282 495 3338 erga
518 3283 552 3323 se
573 3269 693 3324 mentes
715 3262 976 3341 deprehenderet,
998 3278 1099 3338 neque
1125 3254 1314 3324 D⁹⁸l¹0⁰f⁸⁰¹¹·

321 3367 476 3427 coniurati
498 3367 642 3445 cuiquam
661 3368 828 3446 imperium
844 3365 1098 3440 destinaverunt3
1126 3331 1311 3463 :xxxma

321 3479 354 3533 et
372 3479 500 3532 senatus
524 3472 557 3532 in
578 3473 747 3535 asserenda
768 3471 916 3533 libertate
938 3471 1016 3531 adeo
1032 3489 1102 3530 con·
1339 3484 1365 3530 sc

322 3577 430 3651 sensit,
459 3582 496 3637 ut
522 3578 665 3639 consules
694 3578 797 3655 primo
824 3595 887 3636 non
916 3576 950 3634 in
978 3575 1108 3650 curiam,
1138 3574 1213 3652 quia
1243 3572 1325 3633 Iulia

322 3682 498 3757 vocabatur,
521 3682 576 3743 sed
597 3682 631 3741 in
652 3680 844 3760 Capitolium
869 3680 1078 3755 convocarint,
1104 3678 1233 3757 quidam
1255 3696 1325 3737 vero
