2984 4359
305 262 345 331 80
379 275 409 328 c,
432 275 589 327 sueram
611 276 840 339 mesonma
862 278 912 327 nu
935 277 1027 327 vrrs
1049 277 1254 329 CAESARUM

346 450 499 509 Tiberium
512 457 648 525 nepotem
664 458 751 509 tuum
765 452 888 528 placere
901 451 978 509 mili
996 451 1213 510 declamantem
1221 458 1305 526 potu·

187 543 190 550 ’
301 556 369 628 isse,
392 572 517 630 peream
544 558 615 628 nisi,
640 574 709 615 mea
734 556 837 630 Liuia,
862 557 1006 616 admiror.
1057 556 1142 614 Nam
1167 559 1305 631 quitum

301 663 419 735 ἀσαφῶς
447 661 597 736 loquatur,
623 663 677 736 qui
698 663 797 737 possit
825 645 1063 721 rem‘declamm
1086 664 1187 737 σαφῶς
1211 664 1305 721 dicere

301 783 379 841 qaae
398 767 526 825 dicenda
545 774 623 840 sum,
644 785 706 824 mon
726 768 820 826 video.

270 889 286 933 n
340 870 409 930 Nec
429 869 558 930 dubium
574 874 631 945 est,
646 870 724 948 quid
742 869 910 948 posthaec
924 871 1089 948 Augustus
1107 870 1307 932 constituerit

301 980 334 1035 et
365 973 529 1053 reliquerit
560 993 631 1035 eum
663 975 752 1035 nulle
786 981 910 1053 praeter
943 975 1104 1052 auguralis
1140 976 1307 1037 sacerdotii
1381 1044 1388 1058 ‚
1479 979 1480 1022 l

300 1080 417 1141 honore
446 1079 650 1158 impertitum,
679 1099 715 1141 ac
742 1098 783 1140 ne
810 1080 956 1140 heredem
981 1081 1108 1158 quidem
1135 1081 1308 1142 nisiinter

300 1186 412 1247 tertios
440 1203 475 1246 ac
503 1204 601 1263 paene
630 1191 794 1246 extraneos
822 1205 839 1246 e
866 1192 955 1264 parte
984 1192 1075 1246 sexta
1107 1187 1306 1265 nuncuparit,

301 1290 404 1368 legato
431 1309 555 1369 quoque
582 1310 646 1351 nou
673 1290 810 1369 amplius
838 1309 932 1369 quam
960 1292 1212 1369 octingentorum
1248 1311 1308 1354 ses

196 1419 199 1426 ·
256 1410 285 1457 ιο
300 1395 465 1456 tertiorum
486 1402 677 1474 prosecutus.

340 1500 486 1562 Tiberius
500 1507 631 1579 patruus
646 1502 767 1579 petenti
786 1501 919 1563 honores
933 1501 1111 1562 consularia
1124 1509 1309 1563 ornamenta
1321 1517 1337 1566 5

300 1605 432 1682 detulit3
455 1606 511 1667 sed
528 1605 700 1667 instantius
714 1606 873 1684 legitimos
889 1606 1048 1683 flagitanti
1062 1607 1097 1666 id
1110 1607 1212 1667 solum
1227 1609 1308 1668 codi-

528 1710 611 1771 cillis
626 1711 798 1789 rescripsit,
811 1714 1016 1790 quadraginta
1029 1729 1139 1772 aureos
1153 1717 1186 1772 r'rr
1201 1714 1308 1773 Satur·

299 1794 475 1919 mmm
528 1819 615 1876 mulia
628 1825 655 1875 et
671 1817 833 1894 Sigillaria
851 1820 969 1877 misisse
984 1821 1020 1876 ei.
1064 1818 1153 1877 Tunc
1170 1818 1306 1893 demum,

256 1941 284 1987 15
315 1883 335 1931 y
428 1881 461 1917 u.
528 1921 650 1982 abiecta
674 1940 729 2000 spe
755 1922 928 2000 dignitatis,
951 1922 992 1982 ad
1017 1922 1117 1982 otium
1141 1924 1306 1999 concessit,

299 2027 392 2088 mode
406 2028 440 2087 iu
455 2026 555 2087 hortis
569 2032 602 2086 et
616 2027 794 2087 suburbano
811 2026 905 2087 mode
924 2028 958 2086 in
976 2027 1166 2106 Campaniae
1183 2047 1308 2089 secessu

299 2132 498 2208 delitescens,
517 2139 612 2210 atque
628 2150 668 2191 ex
684 2132 889 2192 coutubernio
908 2131 1195 2193 sordidissimorum
1210 2133 1308 2193 homi-

299 2257 375 2297 num
390 2256 484 2316 super
498 2242 635 2297 veterem
655 2236 808 2313 segnitiae
826 2243 933 2298 uotam
952 2237 1114 2298 ebrietatis
1132 2257 1256 2316 quoque
1275 2244 1308 2298 et

299 2343 385 2404 aleae
398 2342 565 2403 infamiam
580 2342 686 2403 subiit.

253 2465 283 2512 au
339 2448 416 2509 Cum
440 2447 578 2523 interim,
600 2467 791 2526 quamquam
811 2447 870 2508 hoc
891 2447 984 2508 modo
1004 2449 1119 2525 agenti,
1135 2461 1338 2528 numquamo
1372 2509 1375 2514 ,
1479 2499 1480 2508 ,

298 2559 354 2615 aut
380 2552 517 2613 officium
551 2553 714 2613 hominum
749 2557 805 2613 sut
831 2552 1008 2612 reverentia
1041 2553 1167 2631 publice
1194 2554 1307 2615 defuit

297 2719 408 2767 nm
418 2718 434 2765 b
525 2660 680 2737 Equester
690 2659 767 2718 erdo
776 2657 826 2719 bis
837 2663 1002 2736 patronum
1015 2677 1086 2718 eum
1100 2660 1308 2736 perferendae
1347 2627 1353 2639 '

297 2730 454 2853 „may
526 2784 583 2843 pro
597 2785 631 2826 se
646 2764 812 2841 legationis
826 2764 931 2840 elegit,
947 2765 1043 2825 semel
1057 2783 1130 2824 cum
1144 2766 1308 2843 deportan-

297 2869 368 2916 criu
376 2868 427 2915 ⁸¹¹⁶
526 2872 602 2931 dum
620 2871 754 2930 Romam
770 2888 883 2947 corpus
896 2870 1037 2947 Augusti
1055 2870 1172 2930 umeris
1187 2871 1254 2931 suis
1269 2871 1308 2931 ab

252 3002 282 3047 g,
297 2945 388 2990 ’ω’
526 2976 707 3038 consulibus
731 2982 922 3054 exposceret,
946 2976 1062 3036 iterum
1086 2995 1158 3035 cum
1183 2996 1308 3055 oppres

297 3106 368 3147 sum
383 3086 532 3147 Seianum
550 3083 635 3162 apud
653 3082 780 3142 eosdem
801 3081 1029 3158 gratularetur5
1051 3082 1129 3159 quin
1142 3089 1176 3142 et
1190 3089 1308 3161 specta

297 3192 378 3253 culis
399 3190 582 3251 advenienti
602 3207 765 3265 assurgere
788 3193 821 3247 et
840 3189 982 3250 lacernas
1003 3189 1161 3267 deponere
1175 3190 1305 3250 solebat.

298 3298 432 3357 Senatus
453 3315 587 3374 quoque,
604 3302 641 3354 ut
656 3295 698 3355 ad
717 3314 882 3354 numerum
903 3295 1059 3355 sodalium
1080 3296 1307 3371 Augustalium

297 3411 381 3462 sorte
395 3401 560 3461 ductorum
577 3407 668 3460 extra
686 3400 828 3459 ordinem
848 3400 1033 3474 adiceretur,
1047 3402 1172 3461 censuit
1186 3407 1221 3461 et
1234 3421 1307 3461 mox

251 3522 282 3568 ar
296 3513 334 3566 ut
354 3506 467 3566 domus
489 3506 528 3580 ei,
549 3525 644 3583 qusrn
667 3505 814 3565 incendio
835 3505 992 3580 amiserat,
1014 3506 1143 3586 publice
1163 3507 1309 3586 impense

296 3612 524 3682 restitueretur,
539 3610 751 3687 dicendaeque
768 3609 851 3670 inter
867 3611 1049 3676 consulares
1063 3613 1244 3674 sententiae
1257 3613 1307 3673 ius

296 3723 388 3778 esset.
431 3716 522 3787 Quod
543 3716 703 3775 decretum
725 3714 879 3775 abolitum
901 3723 959 3782 est,
984 3724 1155 3778 excusante
1180 3718 1309 3780 Tiberio
