2984 4359
307 274 372 340 140
410 286 440 339 o.
463 285 619 337 sunrour
638 286 866 350 marronam
884 288 935 337 nn
954 288 1046 338 vrri
1064 286 1280 339 cassinum

306 478 417 520 manus
437 477 522 519 meas
539 458 710 537 pugillares
731 458 895 537 libellique
916 477 987 518 cunr
1008 459 1194 537 quibusdam
1220 459 1324 519 notis

307 565 396 625 simis
407 564 559 639 versibus,
570 563 671 641 ipsius
686 562 894 641 chirographo
907 565 1044 642 scriptis,
1059 570 1095 624 ut
1109 564 1207 623 facile
1222 583 1324 643 appa

307 676 390 729 reret
402 688 466 728 non
480 668 612 729 tralatos
626 674 682 729 aut
695 668 836 728 dictante
850 669 958 746 aliquo
971 676 1128 747 exceptos,
1142 670 1200 729 sed
1219 669 1322 747 plane

307 776 397 854 quasi
411 794 431 835 a
444 774 600 850 cogitante
615 780 709 852 atque
726 779 896 851 generante
911 780 1072 851 exarat0s3
1094 775 1140 835 ita
1159 776 1267 835 multa
1287 780 1321 835 et

275 882 412 944 edeleta
436 887 468 940 et
495 880 626 939 inducta
653 885 685 939 et
712 879 926 957 superscripta
953 879 1084 941 inerant.
1127 881 1255 940 Habuit
1286 886 1322 940 et
1334 887 1373 938 53

307 986 458 1066 pingendi
477 985 679 1063 fingendique
700 1004 763 1043 non
783 985 938 1045 mediocre
958 985 1107 1045 studium.

346 1092 486 1152 Maxime
500 1096 605 1150 autem
620 1089 830 1168 popularitate
847 1090 1043 1165 efferebatur,
1058 1091 1197 1150 omnium
1209 1110 1320 1152 aemu-

155 1205 156 1208 ’
204 1271 206 1274 ¹
306 1196 365 1272 lus,
388 1198 444 1275 qui
467 1214 593 1274 quoquo
617 1196 709 1255 modo
732 1195 873 1254 animum
897 1195 984 1271 vulgi
1009 1201 1176 1256 moverent.
1221 1196 1319 1256 Exiit

306 1345 352 1391 m,
362 1344 466 1403 mm
531 1300 647 1378 opinio,
659 1306 731 1377 post
744 1301 903 1361 scaenicas
917 1319 1045 1361 coronas
1056 1302 1198 1379 proximo
1209 1301 1317 1362 lustro

262 1420 292 1466 10
306 1418 345 1466 for
354 1419 459 1478 popular
532 1406 755 1466 descensurum
765 1424 836 1466 eum
848 1406 889 1466 ad
900 1405 1049 1484 Olympia
1058 1406 1141 1466 inter
1155 1406 1314 1483 athletas,

307 1494 430 1552 ‘llum‘
532 1529 605 1571 nam
623 1515 657 1570 et
674 1511 854 1571 luctabatur
872 1510 1006 1587 assidue,
1025 1530 1082 1571 nec
1103 1511 1195 1571 aliter
1215 1519 1316 1572 certa

307 1617 393 1677 mina
418 1615 564 1694 gymnica
587 1620 656 1675 tota
682 1615 816 1676 Graecia
842 1621 1040 1694 spectaverat
1064 1634 1158 1694 quam
1184 1616 1315 1677 brabeu-

307 1728 410 1782 tarum
434 1740 519 1781 more
543 1721 577 1780 in
602 1720 705 1781 stadio
732 1720 821 1780 humi
845 1721 988 1781 assidens
1013 1740 1057 1797 ac,
1084 1722 1111 1781 si
1136 1741 1199 1799 qua
1222 1723 1315 1800 paria

308 1827 433 1902 longius
447 1826 659 1900 recessissent,
673 1826 706 1884 in
722 1825 860 1885 medium
874 1826 1018 1886 manibus
1033 1826 1099 1886 suis
1113 1827 1311 1904 protrahens.

264 1948 292 1993 15
308 1931 531 1992 Destinaverat
551 1932 657 2006 etiam,
678 1930 754 2008 quia
774 1930 955 2009 Apollinem
978 1937 1082 2005 cantu,
1105 1931 1207 1991 Solem
1233 1933 1314 1991 auri-

308 2037 410 2113 gando
444 2036 645 2113 aequiperare
679 2035 922 2111 existimaretur,
954 2035 1073 2096 imitari
1101 2041 1134 2095 et
1161 2036 1311 2097 Herculis

308 2142 410 2218 faota3
432 2147 712 2219 praeparatumque
729 2141 850 2200 leonem
870 2141 969 2215 aiunt,
985 2160 1077 2218 quem
1092 2140 1142 2200 vel
1158 2141 1247 2201 clava
1260 2142 1311 2201 vel

308 2247 506 2307 brachiorum
534 2246 665 2306 nexibus
693 2246 727 2305 in
755 2245 980 2324 amphitheatri
1007 2245 1125 2306 harena
1149 2252 1323 2324 spectante

309 2352 425 2431 populo
445 2352 548 2411 nudus
569 2351 708 2411 elideret.
753 2351 817 2411 Sub
837 2351 926 2410 exitu
949 2351 1077 2429 quidem
1098 2351 1182 2411 vitae
1206 2351 1311 2429 palam
1324 2363 1361 2416 54

171 2493 173 2500 ·
263 2469 293 2514 ao
310 2464 447 2531 voverat,
457 2457 485 2518 si
495 2457 557 2517 sibi
568 2456 734 2517 incolumis
750 2462 852 2517 status
867 2457 1101 2535 permansisset,
1113 2450 1311 2534 proditurum

310 2582 343 2622 se
363 2568 471 2641 partae
491 2562 642 2622 victoriae
663 2562 747 2622 ludis
768 2562 864 2622 etiam
884 2562 1072 2641 hydraulam
1086 2567 1118 2622 et
1132 2561 1311 2623 choraulam

309 2673 342 2728 et
354 2668 582 2743 utricularium,
597 2687 633 2728 ac
650 2668 821 2728 novissimo
840 2668 891 2727 die
910 2667 1096 2728 histrionem
1115 2668 1313 2728 saltaturum-

310 2793 370 2852 que
384 2773 505 2849 Vergili
520 2775 668 2834 Turnum.
712 2775 755 2834 Et
769 2779 844 2834 sunt
860 2774 915 2852 qui
933 2775 1071 2849 tradant,
1086 2774 1232 2834 Paridem
1251 2773 1313 2834 his·

309 2878 444 2939 trionem
459 2878 594 2939 occisum
609 2879 649 2939 ab
664 2898 700 2939 eo
716 2879 808 2957 quasi
827 2898 952 2955 gravem
969 2879 1192 2939 adversarium.
1234 2879 1312 2938 Erat
1325 2884 1359 2934 55

264 3003 293 3047 25
310 2984 359 3043 illi
384 2984 579 3046 aeternitatis
604 2992 835 3064 perpetuaeque
859 2986 963 3045 famae
987 2985 1110 3063 cupido,
1132 2985 1188 3045 sed
1210 2984 1312 3044 incon·

310 3091 402 3151 sulta.
445 3092 582 3170 Ideoque
597 3092 706 3152 multis
723 3092 816 3152 rebus
830 3110 867 3151 ac
880 3091 966 3166 locis,
983 3096 1086 3151 vetere
1102 3090 1312 3169 appellatione

310 3197 458 3273 detracta,
480 3217 593 3257 novam
613 3197 731 3257 indixit
752 3216 791 3256 ex
812 3216 869 3257 suo
887 3196 1021 3272 nomine,
1036 3215 1175 3257 mensem
1190 3214 1311 3274 quoque

310 3302 456 3380 Aprilem
479 3304 657 3363 Neroneum
681 3284 872 3381 appellavit,
894 3302 1107 3362 destinaverat
1127 3306 1160 3360 et
1181 3302 1312 3361 Romam

309 3407 493 3485 Neropolim
508 3427 696 3486 nuncupare.

265 3526 295 3571 ao
351 3512 552 3588 Religionum
580 3531 804 3591 usquequaque
832 3517 1038 3590 contemptor,
1064 3517 1190 3589 praeter
1220 3510 1313 3572 unius
1326 3521 1361 3573 56

311 3620 396 3677 Deae
420 3617 537 3695 Syriae.
579 3618 673 3678 Hanc
695 3637 768 3676 mox
790 3617 836 3677 ita
859 3616 979 3695 sprevit
998 3621 1034 3676 ut
1056 3615 1148 3676 urina
1169 3616 1315 3677 contami-

311 3728 410 3798 naret,
422 3721 486 3782 alia
500 3721 722 3800 superstitione
733 3726 853 3799 captus,
863 3721 897 3780 in
911 3740 974 3798 qua
989 3720 1055 3781 sola
1065 3720 1315 3799 pertinacissime
