2984 4359
317 241 359 306 86
394 253 424 305 c,
447 252 603 304 susrom
625 251 855 316 mancorum
877 254 926 304 na
950 255 1041 306 vrrs
1064 255 1267 309 cassanum

316 425 437 487 sionem
457 425 611 503 compulit
631 424 752 485 indicto
776 426 978 487 matrimonio
1001 427 1134 489 iuvenis.
1178 429 1318 490 Absenti-

315 532 374 592 bus
395 531 566 591 secundum
584 536 767 608 praesentes
788 530 940 591 facillime
961 531 1064 606 dabat,
1080 533 1168 592 nullo
1188 534 1318 609 delectu,

316 636 449 714 culpane
474 635 545 714 quis
570 654 611 696 an
638 634 747 711 aliqua
774 635 961 696 necessitate
989 644 1148 697 cessasset.
1200 639 1321 699 Procla

316 747 422 802 mante
443 742 587 820 quodam,
610 740 833 818 praecidendas
854 740 985 801 falsario
1005 761 1126 817 manus,
1144 743 1318 805 carnificem

284 863 300 907 t
316 847 426 907 statim
440 846 534 907 acciri
549 865 620 906 cum
635 846 800 906 machaera
813 865 983 923 mensaque
997 846 1137 907 lanionia
1154 847 1317 925 flagitavit.

315 951 556 1028 Peregrinitatis
585 970 682 1026 reum,
706 956 776 1011 orta
803 951 886 1010 inter
913 951 1081 1012 advocatos
1109 953 1171 1012 levi
1198 961 1320 1015 conten-

315 1058 410 1132 tione,
428 1064 609 1133 togatumne
634 1075 674 1116 an
695 1055 860 1133 palliatum
884 1055 988 1117 dicere
1007 1076 1133 1118 causam
1155 1065 1318 1136 oporteret,

314 1163 406 1241 quasi
433 1162 623 1240 aequitatem
652 1161 808 1237 integram
832 1168 1006 1237 ostentans,
1028 1168 1149 1224 mutare
1177 1164 1318 1224 habitum

315 1267 440 1345 saepius
457 1274 489 1327 et
510 1272 603 1345 prout
623 1274 821 1326 accusaretur
843 1267 1112 1343 defendereturve,
1127 1268 1230 1328 iussit.
1272 1271 1318 1329 De

270 1385 299 1430 1⁰
315 1372 450 1449 quodam
475 1372 571 1431 etiam
596 1372 722 1446 negotio
745 1371 793 1431 ita
817 1390 855 1431 111
877 1372 995 1432 tabella
1017 1372 1238 1450 pronuntiasse
1259 1392 1318 1433 cre-

314 1477 410 1552 ditur,
438 1479 599 1536 acciendum
628 1496 677 1535 eos
704 1495 734 1534 se
761 1481 880 1551 sentire,
909 1482 963 1552 qui
988 1496 1061 1537 cera
1083 1483 1315 1553 promovissent.

313 1582 448 1659 Propter
472 1600 551 1659 quae
576 1600 674 1658 usque
699 1599 736 1640 eo
760 1579 881 1655 eviluit,
904 1589 940 1641 ut
961 1582 1079 1659 passim
1100 1601 1136 1642 ac
1156 1583 1315 1661 propalam

313 1687 507 1765 contemptui
521 1691 613 1746 esset.
655 1686 820 1745 Excusans
837 1685 966 1763 quidam
983 1692 1098 1746 testem
1119 1707 1135 1746 e
1157 1688 1317 1765 provincia

313 1792 353 1852 ab
376 1810 413 1851 eo
434 1797 579 1851 vocaturn
603 1791 732 1867 negavit
754 1797 879 1868 praesto
904 1810 972 1851 esse
997 1810 1096 1869 posse,
1118 1792 1317 1853 dissimulata

269 1897 369 1957 mdiu
389 1915 499 1972 causa3
528 1913 563 1956 ac
585 1903 657 1973 post
678 1895 786 1971 longas
808 1895 934 1955 demum
955 1896 1215 1972 interrogationes
1236 1900 1315 1958 Mor·

314 2011 382 2061 tuus
403 2009 453 2075 eat,
472 2000 593 2078 inquit:
614 2010 699 2075 pato,
721 2003 813 2059 licuit.
857 2000 949 2061 Alius
970 2001 1089 2077 gratias
1109 2021 1214 2077 agens,
1233 2004 1314 2080 quod

313 2125 401 2166 reum
429 2106 558 2166 defendi
585 2112 755 2184 pateretur,
785 2105 916 2168 adiecit:
946 2108 989 2165 Et
1016 2116 1116 2167 tanton
1135 2111 1210 2185 fieri
1236 2111 1312 2168 solet.

314 2211 400 2271 Illud
415 2229 539 2289 quoque
553 2229 573 2270 a
585 2210 756 2270 maioribus
771 2217 848 2270 natu
862 2211 1036 2285 audiebam
1052 2212 1129 2272 adeo
1143 2214 1314 2274 causidicos

313 2316 468 2394 patientia
488 2316 556 2376 eius
577 2314 686 2375 solitos
706 2315 803 2390 abuti,
818 2322 855 2375 ut
873 2316 1112 2376 descendentem
1130 2336 1147 2376 e
1164 2317 1315 2378 tribunali

267 2437 298 2483 ao
312 2440 375 2481 non
393 2420 493 2482 solum
509 2440 584 2481 voce
601 2426 792 2495 revocarent,
808 2421 864 2480 sed
884 2426 916 2479 11
937 2420 1052 2481 lacinia
1072 2428 1163 2497 togae
1184 2429 1314 2498 retenta,

313 2527 470 2586 interdum
492 2528 572 2604 pede
593 2527 789 2604 apprehenso
811 2525 995 2586 detinerent.
1037 2527 1085 2586 Ac
1107 2546 1146 2586 ne
1167 2528 1218 2587 cui
1240 2527 1316 2589 haec

312 2632 393 2692 mira
406 2632 480 2708 sint,
495 2631 649 2708 litigatori
664 2633 819 2693 Graeculo
833 2653 893 2692 vox
907 2634 942 2691 in
959 2632 1160 2692 altercatione
1178 2633 1314 2693 excidit:

313 2741 370 2798 Καὶ
391 2741 429 2799 σὺ
452 2739 541 2819 γέρων
564 2739 590 2799 ei
611 2740 655 2799 καὶ
675 2741 776 2818 μωρός.
819 2739 967 2816 Equitem
989 2739 1117 2815 quidem
1138 2739 1315 2799 Romanum

313 2845 515 2906 obscenitatis
528 2846 561 2905 in
579 2846 714 2907 feminas
734 2865 831 2921 reum,
847 2846 902 2907 sed
923 2845 1005 2906 falso
1027 2851 1058 2904 et
1079 2845 1119 2905 ab
1139 2844 1316 2922 impotenti-

267 2967 296 3013 ac
311 2951 371 3011 bus
392 2950 531 3012 inimicis
551 2952 685 3012 conficto
704 2952 845 3026 crimine,
868 2952 946 3012 satis
967 2956 1099 3025 constat,
1120 2968 1190 3009 curn
1214 2957 1316 3010 scorta

312 3056 472 3119 meritoria
501 3059 591 3119 citari
622 3060 773 3120 adversus
801 3077 834 3119 se
862 3064 894 3119 et
921 3057 1024 3118 audiri
1051 3077 1108 3136 pro
1135 3056 1315 3117 testimonio

312 3162 442 3237 videret,
460 3164 625 3242 graphium
645 3171 677 3224 et
698 3164 831 3237 libellos,
847 3182 926 3241 quos
947 3162 1073 3223 tenebat
1093 3162 1127 3222 in
1147 3181 1253 3238 manu,
1270 3160 1316 3221 ita

313 3285 383 3327 cnm
404 3287 517 3343 magna
539 3269 694 3329 stultitiae
715 3275 747 3328 et
769 3268 917 3329 saevitiae
942 3267 1181 3346 exprobratione
1205 3267 1314 3327 iecisse

312 3371 345 3432 in
360 3371 473 3432 faciem
489 3374 565 3448 eius,
580 3380 616 3434 ut
631 3393 742 3451 genam
757 3393 820 3431 non
834 3372 947 3432 leviter
961 3372 1190 3452 perstrinxerit.

267 3486 297 3532 so
353 3476 462 3537 Gessit
489 3483 521 3537 et
549 3498 720 3552 censuram,
746 3478 959 3538 intermissam
983 3478 1039 3538 din
1066 3484 1138 3557 post
1162 3477 1314 3538 Plancum
1328 3482 1362 3536 11
1468 3537 1469 3556 ,

312 3579 509 3658 Paulumque
536 3601 698 3658 censores3
731 3583 786 3643 sed
814 3582 894 3643 hanc
923 3602 1047 3660 quoque
1075 3582 1316 3658 inaequabiliter

312 3685 462 3763 varioque
487 3691 519 3746 11
546 3688 650 3748 animo
679 3693 711 3748 11
738 3693 863 3747 eventu.
919 3686 1146 3762 Recognitione
1174 3687 1316 3765 equitum
1347 3766 1350 3772 μ
