2984 4359
283 274 346 339 116
385 288 414 338 c.
435 285 591 337 suarem
611 285 839 348 rnauounrr
859 285 909 335 nr
930 285 1022 336 vrra
1040 284 1243 335 cxssanun

283 459 404 520 Achaia
428 458 585 542 isthmum
611 458 775 537 perfodere
797 476 972 534 aggressus,
995 457 1210 535 praetorianos
1233 476 1305 535 pro.

282 565 427 625 contione
450 565 492 625 ad
515 563 726 624 incohandum
752 582 831 641 opus
856 562 1038 623 cohortatus
1066 567 1123 637 est,
1149 562 1288 639 tubaque

283 670 373 746 signo
401 670 475 729 dato
499 670 619 748 primus
643 667 773 728 rastello
797 667 928 727 humum
952 666 1063 727 effodit
1088 673 1120 727 et
1143 665 1289 726 corbulae

283 781 461 851 congestam
481 774 596 833 umeris
615 773 738 833 extulit.
783 773 920 833 Parabat
934 777 966 832 et
981 772 1021 832 ad
1036 771 1166 849 Caspias
1181 777 1288 850 portas

251 893 267 938 a
283 880 523 958 expeditionem,
536 878 715 957 conscripta
728 898 767 938 ex
781 877 905 938 Italicis
921 896 1031 937 senum
1050 876 1166 955 pedum
1181 875 1307 937 tironi-⁴

282 987 341 1046 bus
371 1005 453 1044 nova
485 983 616 1059 legione,
650 1001 743 1061 quam
778 981 889 1058 Magni
921 981 1097 1042 Alexandri
1130 981 1289 1060 phalanga

283 1090 470 1169 appellabat.

324 1197 412 1256 Haec
435 1193 549 1274 partim
572 1193 662 1254 nulla
684 1192 936 1271 reprehensione,
961 1192 1079 1271 partim
1103 1191 1200 1253 etiam
1226 1210 1289 1250 non

285 1300 432 1361 mediocri
453 1299 546 1359 laude
568 1298 664 1375 digna
684 1299 718 1357 in
737 1318 836 1357 unum
857 1297 986 1372 contuli,
1002 1303 1039 1357 ut
1058 1315 1249 1358 secernerem
1270 1315 1290 1356 a

239 1416 268 1461 10
284 1406 406 1484 probris
427 1423 463 1464 ac
484 1404 653 1465 sceleribus
675 1403 753 1478 eius,
769 1403 807 1462 de
829 1402 944 1479 quibus
964 1401 1078 1462 dehinc
1091 1402 1211 1465 dicam.

324 1512 413 1570 Inter
432 1515 552 1569 ceteras
570 1508 755 1586 disciplinas
775 1507 930 1585 pueritiae
947 1514 1088 1585 tempore
1102 1506 1243 1567 imbutus
1257 1511 1290 1566 et
1303 1510 1346 1562 20

508 1613 636 1688 musica,
664 1612 774 1673 statim
802 1618 838 1672 ut
866 1612 1033 1689 imperium
1066 1611 1199 1690 adeptus
1231 1617 1288 1686 est,

284 1697 444 1818 D’lgflm'w
508 1720 668 1796 Terpnum
690 1717 916 1792 citharoedum,
932 1717 1091 1793 rigentem
1110 1722 1187 1777 tunc
1205 1735 1289 1795 prae

284 1784 327 1817 mu
352 1783 366 1818 ο
508 1830 556 1883 ter
575 1823 664 1897 alios,
684 1822 827 1883 arcessiit
846 1822 1020 1900 diebusque
1040 1821 1199 1883 continuis
1218 1827 1290 1900 post

240 1949 268 1994 15
285 1948 391 1989 cenam
409 1929 535 1988 canenti
555 1928 587 1987 in
610 1928 743 1988 multam
766 1935 890 1987 noctem
913 1928 1066 2002 assidens,
1082 1926 1236 2005 paulatim
1257 1932 1289 1986 et

285 2034 352 2111 ipse
372 2032 517 2093 meditari
536 2033 735 2110 exercerique
755 2033 866 2111 coepit,
882 2051 984 2111 neque
998 2051 1105 2092 eorum
1121 2032 1288 2111 quicquam

285 2139 437 2212 omittere,
467 2157 546 2216 quae
575 2138 697 2214 generis
725 2138 792 2198 eius
821 2138 957 2198 artifices
982 2138 1033 2198 rel
1058 2137 1288 2199 conservandae

285 2244 371 2304 vocis
395 2263 488 2304 causa
508 2243 559 2303 vel
580 2243 739 2320 angendae
761 2243 961 2320 factitarent,
985 2243 1040 2303 sed
1059 2250 1092 2303 et
1110 2242 1288 2322 plumbeam

285 2349 426 2410 chartam
441 2349 573 2427 supinus
587 2355 712 2427 pectore
727 2349 891 2424 sustinere,
907 2354 939 2409 et
953 2348 1088 2427 clystere
1106 2347 1289 2425 vomituque

239 2454 468 2532 repurgasset
489 2454 644 2513 abstinere
664 2454 768 2532 pomis
788 2454 929 2530 cibisque
944 2452 1170 2530 officientibus3
1191 2453 1289 2514 donec

285 2559 465 2619 blandiente
479 2559 623 2637 profectu
641 2563 847 2636 (quamquam
861 2559 992 2634 exiguae
1007 2559 1093 2619 vocis
1110 2564 1142 2618 et
1162 2558 1284 2637 fuscae)

285 2665 410 2743 prodire
431 2664 463 2723 in
485 2683 630 2725 scaenam
648 2665 817 2742 concupiit,
840 2664 974 2724 subinde
1001 2665 1084 2724 inter
1114 2662 1289 2725 familiares

286 2771 438 2831 Graecum
468 2770 666 2847 proverbium
697 2770 828 2845 iactans,
853 2772 984 2829 occultae
1012 2773 1146 2829 musicae
1172 2771 1289 2829 callum

283 2893 347 2935 ecce
361 2885 532 2950 respectum.
572 2876 614 2935 Et
623 2875 729 2953 prodit
739 2874 876 2952 Neapoli
885 2875 1032 2954 primum,
1044 2893 1081 2935 ac
1092 2894 1130 2934 ne
1141 2893 1289 2935 concusso

240 3003 270 3049 25
286 2980 411 3058 quidem
427 2985 554 3057 repente
569 2986 772 3040 motuterrae
786 2979 911 3040 theatro
926 2986 999 3040 ante
1015 2986 1141 3040 cantare
1156 2979 1288 3053 destitit,

286 3105 380 3163 quarn
401 3085 582 3144 incohatum
603 3086 780 3146 absolveret
801 3104 924 3145 nomon.
967 3085 1089 3146 Ibidem
1112 3085 1236 3163 saepius
1257 3090 1289 3144 et

286 3211 341 3270 per
362 3191 537 3270 complures
558 3191 699 3251 cantavit
718 3191 803 3268 dies3
827 3197 953 3269 sumpto
972 3191 1068 3250 etiam
1091 3190 1131 3251 ad
1154 3190 1290 3251 reficien-

287 3298 358 3357 dam
373 3317 480 3357 vocem
494 3297 582 3357 brevi
596 3303 745 3376 tempore,
761 3298 932 3376 impatiens
948 3297 1059 3358 secreti
1075 3315 1093 3357 a
1108 3295 1242 3357 balineis
1256 3296 1290 3354 in

287 3403 443 3463 theatrum
456 3403 593 3479 transiit,
604 3404 768 3483 mediaque
779 3404 813 3463 in
825 3405 985 3464 orchestra
994 3404 1160 3482 frequente
1174 3400 1290 3481 populo

180 3549 183 3555 ,
241 3527 271 3574 so
287 3511 441 3589 epulatus,
456 3517 484 3570 ci
500 3514 630 3587 poariam
646 3515 830 3587 cobbibc'sset,
846 3514 964 3587 aliquid
982 3530 1012 3571 se
1033 3514 1149 3589 suffecti
1168 3512 1291 3568 licuitn-

287 3637 356 3676 rum
375 3617 494 3677 Graeco
513 3634 654 3676 sermone
669 3616 822 3693 promisit.
867 3616 986 3694 Captus
1000 3622 1106 3676 autem
1119 3614 1291 3676 modulatis

288 3721 573 3782 Alexandrinorum
600 3721 844 3797 laudationibus,
867 3722 922 3799 qui
949 3722 988 3782 de
1012 3740 1093 3782 novo
1116 3726 1292 3786 commeatu
