2984 4359
293 261 357 327 128
394 273 424 325 c.
444 272 602 324 sonroru
620 237 850 335 monum
868 273 918 322 nn
939 272 1029 323 vrrs
1049 273 1255 327 emensum

292 463 396 505 rerum
414 443 582 505 interemit.
634 442 789 504 Similiter
808 449 927 504 ceteros
946 450 1002 504 aut
1019 443 1173 505 affinitate
1190 445 1299 524 aliqua

292 549 353 611 sibi
384 554 440 609 aut
469 548 705 627 propinquitate
737 548 937 625 coniunctos3
972 549 1007 607 in
1034 549 1148 626 quibus
1178 550 1297 610 Aulum

292 696 434 755 cmm
517 651 679 713 Plautium
696 652 852 727 iuvenem,
868 670 962 730 quem
983 672 1054 712 cum
1073 659 1147 714 ante
1164 661 1297 716 mortem

290 770 472 818 reuersurus
518 776 574 836 per
584 757 650 816 vim
661 763 908 835 conspurcasset,
919 760 984 840 Eat
996 779 1077 819 nurse
1087 759 1194 838 inquit
1203 771 1299 821 muter

259 847 415 933 smum
517 852 587 924 urea
604 872 631 922 et
648 881 845 923 successorem
862 882 963 923 meum
981 867 1149 925 osculetur!
1176 866 1297 927 iactans

291 970 442 1031 dilectum
452 970 492 1030 ab
503 987 540 1029 ea
549 975 583 1028 et
593 968 634 1028 ad
648 985 737 1045 spem
751 967 877 1046 imperii
887 967 1066 1046 impulsum.
1110 970 1298 1049 Privignum

291 1075 419 1136 Rullum
442 1073 623 1153 Crispinum
648 1074 796 1151 Poppaea
822 1078 941 1149 natum,
966 1074 1160 1152 impuberem
1185 1078 1297 1153 adhuc,

291 1181 367 1259 quia
393 1180 553 1240 ferebatur
578 1179 712 1238 ducatus
736 1184 770 1238 et
794 1176 927 1257 imperia
951 1178 1070 1255 ludere,
1093 1182 1299 1257 mergendum

291 1286 380 1361 mari,
391 1286 468 1346 dum
481 1284 665 1363 piscaretur,
675 1282 776 1345 servis
791 1282 892 1361 ipsius
906 1283 1117 1345 demandavit.
1160 1288 1299 1348 Tuscum

247 1412 276 1458 10
290 1391 424 1452 nutricis
446 1390 549 1450 filium
571 1388 732 1465 relegavit,
756 1388 840 1467 quod
861 1388 894 1448 in
918 1391 1135 1467 procuratione
1157 1392 1300 1472 Aegypti

291 1497 425 1558 balineis
437 1496 473 1555 in
486 1496 657 1555 adventum
672 1513 764 1555 suum
780 1494 949 1555 exstructis
964 1493 1102 1555 lavisset.
1147 1497 1300 1558 Senecam

291 1608 524 1683 praeceptorem
547 1601 588 1661 ad
612 1618 719 1659 necem
743 1599 905 1678 compulit,
931 1600 1075 1676 quamvis
1101 1620 1195 1680 saepe
1220 1622 1300 1664 com-

292 1714 430 1770 meatum
448 1704 571 1785 petenti
589 1704 741 1781 bonisque
757 1703 881 1763 cedenti
895 1710 1058 1782 persancte
1073 1706 1219 1783 iurasset,
1235 1729 1301 1770 sus·

291 1819 417 1893 pactum
432 1830 466 1871 se
479 1811 599 1871 frustra
618 1809 855 1887 periturumque
876 1808 981 1886 potius
1003 1828 1097 1886 quam
1119 1812 1298 1873 nociturum

247 1936 276 1981 15
292 1920 329 1980 ei.
372 1919 473 1978 Burro
487 1915 647 1995 praefecto
662 1913 834 1974 remedium
852 1913 893 1973 ad
908 1909 1016 1975 fauces
1033 1914 1205 1993 pollicitae,
1220 1919 1301 1978 toxi-

292 2044 362 2085 cum
388 2022 485 2083 misit
528 2020 672 2080 Libertus
696 2018 814 2079 divites
837 2024 870 2078 et
893 2038 994 2095 senes,
1017 2020 1093 2080 olim
1118 2022 1300 2100 adoptionis

291 2149 364 2190 mox
385 2124 610 2187 dominationis
632 2143 706 2185 suae
727 2124 867 2184 fautores
888 2130 982 2201 atque
1003 2130 1149 2201 rectores,
1167 2146 1299 2204 veneno,

291 2220 408 2314 partim
422 2232 500 2293 cibis
514 2231 632 2310 partim
645 2227 825 2307 potionibus
840 2228 950 2304 indito,
966 2228 1142 2308 intercepit.

332 2341 400 2400 Nec
415 2338 534 2397 minore
551 2334 685 2397 saevitia
703 2334 783 2394 foris
805 2339 837 2393 et
856 2333 891 2392 in
912 2340 1036 2395 exteros
1056 2343 1219 2411 grassatus
1241 2345 1298 2399 est.
1314 2343 1350 2394 86

246 2465 277 2510 ω
293 2445 394 2507 Stella
406 2442 530 2517 crinita,
545 2459 625 2518 quae
643 2439 774 2500 summis
793 2439 1002 2516 potestatibus
1021 2440 1154 2500 exitium
1177 2449 1301 2521 porten-

292 2552 366 2612 dere
383 2548 480 2624 vulgo
497 2552 636 2626 putatur,
656 2563 712 2623 per
732 2543 898 2605 continuas
918 2550 1026 2605 noctes
1048 2545 1123 2605 oriri
1145 2555 1299 2626 coeperat.

292 2655 418 2716 Anxius
433 2672 470 2713 ea
483 2671 526 2728 re,
536 2657 573 2711 ut
587 2670 627 2710 ex
640 2648 779 2710 Balbillo
793 2649 949 2726 astrologo
964 2649 1086 2727 didicit,
1099 2652 1199 2712 solere
1211 2672 1300 2731 reges

292 2761 372 2822 talia
391 2764 516 2820 ostenta
536 2757 631 2817 caede
651 2754 760 2832 aliqua
777 2753 895 2814 illustri
914 2754 1043 2832 expiare
1058 2763 1153 2835 atque
1167 2776 1187 2817 a
1201 2765 1301 2819 semet

293 2868 327 2927 in
342 2864 447 2944 capita
460 2880 623 2942 procerum
637 2859 804 2938 depellere,
819 2858 1016 2919 nobilissimo
1034 2861 1147 2938 cuique
1165 2863 1300 2924 exitium

249 2988 278 3033 25
293 2969 484 3044 destinavit3
514 2967 675 3027 enimvero
699 2964 799 3024 multo
819 2963 920 3040 magis
942 2970 974 3024 et
994 2966 1085 3043 quasi
1106 2986 1162 3044 per
1182 2968 1300 3029 iustam

294 3095 419 3138 causam
434 3073 555 3134 duabus
567 3070 835 3132 coniurationibus
849 3069 1055 3147 provulgatis,
1068 3090 1201 3149 quarum
1215 3074 1301 3152 prior

293 3182 454 3258 maiorque
482 3177 654 3239 Pisoniana
677 3177 805 3250 Romae,
830 3175 985 3252 posterior
1009 3177 1177 3238 Viniciana
1205 3179 1302 3239 Bene

294 3286 382 3347 venti
406 3285 541 3345 conflata
564 3289 659 3360 atque
686 3281 810 3341 detecta
833 3286 890 3340 est.
933 3281 1097 3342 Coniurati
1123 3284 1301 3345 avinculis

294 3390 467 3469 triplicium
490 3396 670 3449 catenarum
691 3386 799 3446 dixere
820 3404 954 3461 causam,
977 3406 1047 3446 euru
1069 3387 1199 3465 quidam
1217 3390 1302 3450 ultro

249 3509 280 3555 30
294 3497 414 3558 crimen
435 3496 619 3568 faterentur,
640 3491 785 3552 nonnulli
805 3491 901 3551 etiam
921 3491 1123 3570 imputarent,
1139 3501 1300 3573 tamquam

295 3605 384 3662 aliter
410 3605 457 3662 illi
483 3620 545 3659 uou
569 3606 690 3675 possent
717 3599 780 3656 uisi
807 3605 900 3656 morte
928 3616 1099 3659 succurrere
1126 3604 1303 3662 dedecorato
1399 3667 1401 3670 ,

296 3711 427 3784 ‚deficiis
447 3707 592 3764 cineribus.
635 3703 864 3761 Damnatorum
883 3699 975 3761 liberi
992 3703 1068 3763 urbe
1087 3704 1172 3781 pulsi
1189 3708 1304 3768 enecti.
