2984 4359
307 280 348 343 88
382 279 412 331 c.
435 279 593 331 suarem
615 281 844 343 russonum
867 282 916 332 nu
939 279 1263 363 pracanensium

306 465 456 525 leviorem
475 466 634 527 maiestati
654 466 823 546 principali
841 466 972 527 titulum
986 467 1191 529 arbitraretur
1204 467 1318 528 vallet

144 619 148 627 .
230 639 255 662 a
306 590 367 648 que
395 570 472 631 iusti
496 571 653 650 triumphi
677 572 782 646 decus,
807 572 890 632 unde
912 572 1093 651 adquireret
1114 573 1317 633 Britanniam

529 675 729 754 potissimum
756 675 861 753 elegit,
895 696 997 756 neque
1031 682 1218 757 temptatam
1253 677 1316 737 ulli

305 743 422 865 m?
436 741 463 789 οἱ
528 787 602 859 post
617 781 733 841 Divum
749 781 869 842 Iulimn
883 788 915 843 et
928 788 1005 843 tunc
1015 783 1261 844 tumultuantem
1272 784 1316 844 ob

275 906 291 951 s
528 906 592 947 non
606 886 745 948 redditos
760 887 952 963 transfugas.
996 889 1069 948 Huc
1083 907 1152 948 cum
1165 889 1205 949 ab
1221 888 1316 950 Ostia

305 992 478 1069 navigaret,
493 991 673 1053 vehementi
688 991 784 1052 circio
795 992 844 1053 bis
859 1011 957 1071 paene
966 994 1129 1054 demersus
1143 1000 1200 1070 est,
1215 1012 1314 1072 prope

306 1097 467 1173 Liguriam
481 1099 632 1177 iuxtaque
648 1097 840 1159 Stoechadas
855 1098 985 1158 insulas.
1026 1098 1127 1170 Quare
1138 1097 1315 1159 aMassilia

307 1203 509 1264 Gesoriacum
529 1223 628 1281 usque
649 1203 789 1282 pedestri
811 1202 924 1263 itinere
945 1204 1097 1280 confecto,
1119 1204 1193 1264 inde
1213 1210 1313 1264 trans-

306 1309 403 1384 misit,
418 1327 454 1369 ae
469 1308 537 1369 sine
550 1309 617 1369 ullo
630 1309 750 1387 proelio
765 1315 820 1371 aut
836 1309 988 1385 sanguine
1008 1309 1093 1370 intra
1105 1309 1312 1388 paucissimos

262 1429 291 1474 10
306 1415 373 1475 dies
387 1420 475 1492 parte
490 1414 612 1474 insulae
626 1415 661 1473 in
674 1414 866 1474 deditionem
882 1421 1016 1493 recepta,
1032 1420 1122 1475 sexto
1136 1432 1231 1492 quam
1245 1434 1312 1493 pro

306 1520 410 1579 fectus
424 1525 491 1579 erat
505 1537 611 1580 mense
625 1521 759 1581 Romam
774 1521 879 1597 rediit,
891 1521 1164 1599 triumphauitque
1174 1520 1311 1581 maximo

306 1632 467 1703 apparatu.
511 1623 562 1684 Ad
571 1625 660 1685 cuius
673 1626 885 1703 spectaculum
900 1645 1072 1687 commeare
1082 1625 1117 1685 in
1125 1626 1235 1686 urbem
1248 1644 1310 1685 non

307 1730 408 1806 sqlum
432 1730 629 1807 praesidibus
651 1732 883 1808 provinciarum
907 1731 1062 1809 permisit,
1084 1751 1193 1791 verum
1216 1732 1310 1792 etiam

307 1834 468 1895 exsulibus
483 1833 687 1912 quibusdam,
711 1840 805 1913 atque
816 1836 899 1896 inter
911 1836 1042 1898 hostilia
1055 1837 1158 1914 spolia
1167 1837 1310 1897 navalem

263 1953 290 1996 15
306 1959 451 2000 coronam
478 1939 609 2016 fastigio
635 1940 802 2002 Palatinae
826 1942 937 2003 domus
962 1942 1052 2003 iuxta
1075 1942 1207 2003 civicam
1231 1942 1310 2019 fixit,

306 2046 431 2106 traiecti
455 2051 487 2105 et
511 2046 603 2122 quasi
627 2046 739 2106 domiti
766 2045 881 2107 Oceani
909 2045 1041 2124 insigne.
1085 2047 1218 2108 Currum
1244 2048 1310 2107 eius

307 2150 479 2211 Messalina
488 2170 568 2210 uxor
577 2158 727 2229 carpento
741 2158 849 2214 secuta
863 2160 928 2230 est,
952 2154 1052 2214 secuti
1063 2160 1095 2214 et
1105 2153 1312 2232 triumphalia

307 2261 490 2316 ornamenta
510 2256 618 2316 eodem
640 2256 723 2317 bello
744 2258 861 2336 adepti,
878 2259 933 2319 sed
954 2260 1050 2346 ceteri
1072 2259 1205 2338 pedibus
1226 2260 1312 2319 etin

306 2368 478 2439 praetexta,
507 2362 638 2423 Crassus
666 2363 764 2439 Frugi
799 2383 878 2441 equo
911 2365 1076 2442 phalerato
1102 2370 1134 2424 et
1162 2364 1197 2424 in
1224 2370 1311 2424 veste

260 2482 290 2527 20
305 2467 453 2545 palmata,
469 2468 553 2543 quod
573 2486 645 2526 eum
666 2468 814 2529 honorem
837 2470 1014 2532 iteraverat.

346 2573 443 2633 Urbis
472 2591 674 2650 annonaeque
702 2592 808 2633 curam
835 2575 1061 2637 sollicitissime
1086 2596 1209 2655 semper
1236 2576 1309 2652 egit.
1325 2588 1359 2639 18

532 2678 612 2737 Cum
625 2677 805 2739 Aemiliana
820 2681 1012 2758 pertinacius
1024 2683 1179 2757 arderent,
1190 2682 1225 2741 in
1239 2681 1312 2741 diri-

304 2756 366 2892 {fy‘
376 2755 402 2803 ⁰¹
411 2758 456 2803 the
530 2783 645 2843 bitorio
658 2783 779 2845 duabus
794 2786 939 2847 noctibus
954 2788 1080 2863 mansit,
1096 2806 1132 2848 ac
1147 2787 1311 2847 deficiente

529 2887 668 2948 militum
683 2908 718 2949 ac
734 2890 927 2951 familiarum
946 2893 1047 2968 turba,
1058 2893 1176 2953 anxilio
1187 2892 1309 2971 plebem

258 3007 288 3052 25
304 3010 359 3070 per
367 2992 571 3067 magistratus
580 3013 619 3053 ex
631 2994 775 3056 omnibus
785 2996 864 3056 vicis
876 2999 1060 3059 convocavit
1069 3017 1105 3058 ac
1114 2997 1228 3075 positis
1237 3002 1309 3058 ante
1416 3077 1418 3083 y

304 3117 421 3158 secum
440 3098 572 3176 pecunia
589 3099 683 3177 fiscis,
701 3103 741 3162 ad
762 3104 1008 3165 subveniendum
1029 3105 1174 3166 hortatus
1194 3110 1251 3180 ost,
1267 3124 1310 3164 re-

303 3211 506 3283 praesentans
519 3226 575 3283 pro
587 3211 681 3285 opera
693 3209 820 3284 dignam
832 3211 944 3288 cuique
957 3212 1139 3272 mercedem.
1182 3210 1308 3271 Artiore

303 3317 408 3372 autem
423 3331 547 3372 annona
561 3313 600 3373 ob
615 3314 757 3374 assiduas
776 3316 970 3392 sterilitates,
986 3318 1133 3378 detentus
1151 3319 1308 3399 qnondam

302 3417 406 3476 medio
430 3418 500 3477 foro
525 3438 544 3478 a
566 3420 658 3479 turba
684 3419 895 3498 conviciisque
919 3428 951 3481 et
980 3422 1074 3482 simul
1098 3423 1308 3499 fragminibus

257 3538 285 3581 30
302 3523 394 3601 panis
409 3524 455 3584 ita
474 3524 654 3597 infestatus,
671 3530 706 3583 ut
721 3543 811 3600 aegre
832 3545 890 3585 nec
908 3527 971 3587 nisi
991 3528 1110 3604 postico
1124 3528 1257 3587 evadere
1275 3527 1309 3587 in

302 3630 462 3690 Palatium
484 3628 628 3704 valuerit,
651 3628 731 3688 nihil
754 3648 816 3688 non
839 3631 1030 3707 excogitavit
1051 3633 1091 3692 ad
1113 3633 1307 3693 inuehendos

302 3735 396 3795 etiam
426 3741 566 3810 tempore
595 3733 726 3794 hiberno
754 3741 953 3796 commeatus.
998 3738 1082 3797 Nam
1111 3743 1143 3797 et
1170 3737 1308 3814 negotia
