2984 4359
408 984 448 1053 O.
482 984 693 1052 SUETONI
724 983 1023 1064 TRANQUILLI

386 1170 469 1253 nn
501 1170 658 1251 ‘VITA
701 1108 1043 1252 clusinum

608 1364 740 1423 LIBER
769 1363 832 1424 ΙΙΙ.

532 1615 534 1626 ⁴
583 1539 842 1605 rrssnros

179 1862 197 1914 1
252 1853 392 1916 Patricia
411 1872 488 1931 gens
509 1852 642 1915 Claudia
663 1853 741 1934 (fuit
765 1852 850 1913 enim
871 1858 903 1913 et
923 1851 987 1914 alia
1008 1852 1139 1932 plebeia,
1159 1867 1248 1914 neoc

213 1959 355 2038 potentia
369 1958 472 2018 minor
486 1977 543 2018 nec
557 1958 726 2039 dignitate)
742 1962 813 2018 orta
826 1963 876 2018 est
889 1976 929 2017 ex
942 1957 1086 2033 Regillis,
1101 1957 1218 2036 oppido

213 2063 408 2124 Sabinorum.
466 2062 545 2122 Inde
559 2062 693 2123 Romam
710 2080 820 2123 recens
834 2062 991 2122 conditam

213 2186 282 2227 curn
309 2186 424 2244 magna
450 2166 615 2227 clientium
642 2185 738 2228 manu
765 2166 992 2244 commigravit,
1018 2135 1203 2258 {acuum

213 2278 337 2332 auctore
365 2272 438 2333 'lito
467 2272 560 2333 Tatio
594 2277 738 2332 consorte
765 2270 904 2347 Romuli,
932 2269 992 2346 vel,

211 2378 295 2457 qnod
318 2377 421 2455 magis
441 2382 575 2453 constat,
598 2375 680 2437 Atta
698 2374 831 2436 Claudio
852 2375 956 2452 gentis
975 2374 1126 2454 principe,
1145 2381 1218 2454 post
1234 2392 1264 2438 10

212 2504 299 2561 reges
310 2489 438 2545 exactos
449 2488 538 2544 sexto
548 2482 616 2542 fers
627 2500 725 2558 anno;
746 2487 842 2559 atque
853 2481 887 2540 in
898 2481 1048 2559 patricias
1062 2486 1217 2559 cooptata,

212 2609 320 2666 agrum
342 2588 472 2667 insuper
492 2594 580 2648 trans
601 2585 756 2647 Anienem
780 2586 949 2669 clientibus
970 2585 1134 2663 locumque
1156 2584 1219 2647 sibi

213 2695 253 2755 ad
268 2694 464 2774 sepulturam
484 2693 542 2755 sub
563 2690 721 2771 Capitolio
739 2692 864 2770 publice
883 2692 1012 2770 accepit.
1062 2691 1219 2770 Deinceps

213 2801 399 2878 procedente
418 2806 558 2877 tempore
579 2797 816 2873 duodetriginta
835 2797 1026 2874 consulatus,
1046 2797 1219 2858 dictaturas
1259 2799 1262 2804 ’

214 2906 360 2983 quinque,
380 2923 528 2965 censuras
547 2908 677 2981 septem,
695 2902 874 2982 triumphos
886 2921 951 2980 sex,
966 2903 1044 2964 duas
1059 2902 1219 2963 ovationes
1236 2915 1266 2961 15

214 3010 327 3088 adepta
340 3014 397 3071 est.
441 3010 520 3072 Cum
535 3007 791 3087 praenominibus
805 3008 1104 3086 cognominibusque
1123 3008 1220 3068 variis

215 3115 470 3193 distingueretur,
506 3113 585 3174 Luci
621 3132 809 3192 praenomen
845 3132 998 3175 consensu
1031 3111 1220 3191 repudiavit,

215 3226 381 3299 postquam
403 3238 420 3280 e
443 3219 565 3280 duobus
590 3218 762 3297 gentilibus
785 3219 937 3298 praeditis
964 3238 1001 3279 eo
1028 3219 1109 3279 alter
1131 3218 1222 3279 latro

216 3325 298 3401 cinii,
313 3325 419 3386 caedis
437 3324 517 3386 alter
532 3325 694 3386 convictus
709 3331 767 3386 est.
809 3325 899 3386 Inter
915 3325 1102 3402 cognomina
1116 3330 1222 3385 autern

216 3436 248 3490 et
273 3430 411 3492 Neronis
439 3429 635 3509 assumpsit,-
649 3449 713 3508 quo
740 3429 939 3508 significatur
970 3430 1080 3508 lingua
1107 3427 1223 3490 Sabina
1238 3445 1267 3490 ac

216 3534 307 3597 fortis
329 3555 366 3597 ac
389 3542 546 3598 strenuus.

187 3642 204 3693 2
255 3641 360 3703 Multa
388 3641 560 3702 multorum
589 3641 793 3703 Claudiorum
820 3642 947 3719 egregia
973 3641 1095 3716 merita,
1124 3640 1224 3700 multa

216 3745 311 3807 etiarn
330 3746 432 3809 setius
453 3745 592 3807 admissa
611 3746 646 3807 in
667 3766 732 3808 rem
752 3745 912 3826 publicam
930 3752 1065 3808 exstant.
1109 3744 1170 3804 Sed
1188 3750 1223 3802 ut

711 3860 727 3912 1
