2984 4359
437 259 547 311 urana
570 259 618 312 1v.
672 259 703 313 c.
729 261 927 314 caurauni.
1145 247 1187 314 73

177 429 258 490 cella
270 430 413 491 Palatini
427 430 584 493 atriensis.
626 432 695 491 Nec
709 432 879 494 defuerunt
896 433 951 511 qui
964 433 1185 508 coniectarent,

177 535 276 595 altero
295 541 423 596 ostento
442 536 615 614 periculum
638 556 658 598 a
678 537 861 597 custodibus
883 538 1010 597 domino
1031 538 1185 615 portendi,

176 641 276 701 altero
299 640 429 700 caedem
451 659 559 702 rursus
584 642 749 718 insignem,
772 642 875 719 qualis
896 643 1003 703 eodem
1026 643 1078 702 dic
1100 644 1187 704 facta

176 747 337 824 quondam
362 746 487 808 1616661.
539 747 722 810 Consulenti
747 765 871 825 quoque
895 749 935 808 116
960 749 1104 824 genitura
1129 768 1187 810 666

176 850 267 911 Sulla
291 851 535 913 mathematicus
564 852 771 913 certissimam
799 872 906 914 necem
935 854 1217 932 appropinquaret

174 955 356 1028 affirmavit.
412 958 603 1018 Monuerunt
635 964 666 1018 61
693 959 853 1019 Fortunae
880 959 1074 1035 Antiatinae,
1103 966 1139 1018 61
1166 979 1186 1019 6

173 1062 285 1123 (166616
307 1068 433 1123 caveret
442 1085 451 1138 3
472 1083 535 1141 qna
552 1062 715 1124 666661116
730 1063 874 1124 Cassium
893 1064 1071 1141 Longinum
1088 1065 1184 1124 Asiae

173 1172 242 1226 1616
277 1168 497 1245 proconsulem
536 1169 740 1229 occidendum
778 1169 987 1245 delegaverat,
1023 1169 1185 1230 immemor

172 1271 349 1333 Chaeream
370 1273 514 1334 Cassium
526 1273 692 1334 nominari.
734 1273 842 1334 Pridie
863 1294 958 1351 quam
977 1275 1093 1353 periret
1108 1294 1185 1335 som-

173 1375 285 1453 niavit,
308 1378 479 1439 consistere
501 1397 534 1438 se
556 1379 590 1438 in
611 1379 697 1439 caelo
719 1378 810 1439 iuxta
830 1379 943 1440 solium
963 1379 1058 1454 Iovis,
1074 1379 1185 1457 impul·
1201 1391 1230 1436 10

173 1501 309 1561 sumque
330 1483 370 1542 ab
388 1502 425 1543 eo
443 1484 548 1543 dextri
570 1484 662 1561 pedis
682 1483 796 1562 pollice
817 1489 849 1543 et
869 1485 1016 1544 interrae
1036 1484 1185 1563 praccipi-

172 1593 283 1647 tatum
330 1588 548 1664 Prodigiorum
572 1588 639 1648 loco
661 1588 770 1649 habita
792 1596 866 1649 sunt
887 1590 992 1664 etiam,
1008 1607 1087 1666 quae
1102 1590 1184 1649 16116

172 1691 227 1753 illo
241 1692 316 1771 ipso
331 1693 382 1752 die
396 1693 491 1771 paulo
505 1693 593 1771 prius
605 1694 792 1754 acciderant.
826 1692 1011 1754 Sacrificans
1023 1712 1183 1771 respersus

172 1803 219 1858 cst
246 1798 489 1877 phoenicopteri
525 1798 692 1874 sanguine;
729 1805 761 1858 61
796 1799 1007 1877 pantomimus
1043 1800 1184 1859 Mnester

173 1902 371 1978 tragoediam
393 1902 532 1979 saltavit,
553 1922 648 1982 quam
672 1903 747 1963 olim
768 1902 995 1982 Neoptolemus
1016 1904 1184 1980 tragoedus
1200 1920 1229 1965 15

174 2006 265 2083 ludis,
296 2008 413 2085 quibus
448 2027 504 2067 rex
532 2009 738 2068 Macedonum
773 2008 943 2086 Philippus
978 2008 1097 2069 occisus
1125 2014 1182 2083 est,

175 2119 294 2190 egerat3
319 2118 354 2172 et
368 2131 439 2173 oum
453 2114 487 2172 in
501 2114 654 2174 Laureolo
665 2113 771 2189 mimo,
783 2116 817 2172 in
832 2132 894 2192 quo
908 2118 994 2173 actor
1008 2114 1183 2192 proripiens

175 2236 206 2277 66
227 2218 324 2277 1111116
346 2218 530 2294 sanguinem
551 2219 661 2294 vomit,
682 2218 790 2297 plures
804 2219 1017 2278 'secundarum
1039 2217 1183 2278 certatim

176 2322 424 2401 experimentum
453 2323 532 2384 artis
568 2324 687 2399 darent,
718 2342 826 2383 cruore
861 2341 973 2383 scaena
1002 2323 1181 2383 abundavit.

174 2427 351 2488 Parabatur
379 2433 411 2488 ct
438 2428 471 2487 in
499 2434 623 2488 noctem
656 2427 879 2506 spectaculum,
907 2446 970 2506 quo
1001 2433 1184 2504 argumenta
1199 2440 1229 2485 66

175 2530 349 2594 1616161616
378 2552 433 2610 per
467 2533 644 2612 Aegyptios
673 2539 705 2593 61
731 2533 907 2611 Aethiopas
941 2532 1181 2610 explicarentur.

132 2645 165 2696 ts
175 2637 274 2697 VIIII
303 2637 381 2697 Kal.
407 2639 495 2698 Febr.
522 2637 599 2698 hora
625 2639 693 2697 1616
721 2638 864 2717 septima,
889 2643 1052 2698 cunctatus
1077 2655 1117 2696 an
1142 2637 1183 2696 ad

176 2743 342 2818 prandium
373 2749 513 2820 surgeret
540 2749 698 2814 marcente
726 2744 828 2803 adhuc
857 2742 1017 2803 stomacho
1044 2741 1181 2820 pridiani

178 2844 236 2906 cibi
250 2866 353 2924 onere,
365 2848 493 2908 tandem
508 2849 713 2910 suadentibus
729 2849 839 2909 amicis
854 2867 996 2925 egressus
1010 2852 1065 2908 est.
1102 2847 1181 2908 Cum

178 2948 343 3030 incrypta,
361 2972 417 3031 per
431 2955 851 3031 quamtranscundumerat,
866 2954 956 3033 pueri
1128 2985 1133 2997 ·
1197 2966 1227 3012 25

178 3056 295 3119 nobiles
310 3077 351 3117 ex
365 3058 445 3119 Asia
458 3060 498 3119 ad
513 3060 649 3120 edendas
668 3060 702 3119 in
719 3078 832 3121 scaena
846 3037 956 3138 operas
981 3037 1028 3084 ¹³¹⁸
1037 3036 1182 3085 ”mm

179 3164 296 3224 evocati
332 3174 603 3245 praepararentur,
632 3173 668 3227 ut
700 3186 752 3227 666
787 3167 955 3245 inspiceret

179 3265 416 3351 hortareturque
439 3272 567 3348 restitit,
589 3292 626 3333 ac
646 3273 709 3333 nisi
730 3273 875 3351 princeps
898 3271 1001 3348 gregis
1024 3269 1127 3345 algere
1149 3287 1182 3329 66

181 3370 305 3450 diceret,
319 3377 423 3438 redire
437 3397 473 3438 ac
487 3360 728 3456 repraesentare¹
742 3376 953 3456 spectaculum
968 3374 1077 3434 voluit.
1120 3374 1182 3433 Du-

181 3476 252 3553 plcx
274 3481 389 3543 dehinc
408 3483 494 3543 fama
514 3489 579 3543 est:
602 3483 657 3543 alii
678 3484 810 3543 tradunt
831 3480 1013 3558 adloquenti
1035 3497 1146 3557 pueros
1164 3495 1183 3537 a
1198 3490 1227 3537 eo

181 3585 268 3659 tergo
279 3585 450 3649 (lhacrcam
471 3587 624 3649 cervicem
644 3587 750 3664 gladio
766 3586 880 3647 caesim
903 3585 1041 3661 graviter
1061 3601 1183 3662 percus

184 3685 269 3766 sisse,
282 3691 457 3768 praemissa
468 3710 561 3753 voce:
573 3694 652 3753 ‘Hoc
664 3694 740 3770 6661
760 3689 875 3751 dehinc
895 3688 1076 3750 Cornelium
1098 3687 1184 3747 Sabi-

981 3112 1035 3159 11611
