2984 4359
517 296 627 345 ursus
651 295 699 345 vr.
753 294 859 345 uaso.
1129 281 1193 347 115

164 505 169 516 ·
217 469 332 528 Multa
353 469 412 529 sub
436 486 473 528 eo
495 474 528 528 et
550 466 769 528 animadversa
790 485 897 528 severe
919 473 951 527 et
975 466 1116 543 coercita,
1138 485 1195 527 neo

176 574 288 634 minus
313 573 480 633 instituta:
509 572 671 633 adhibitus
695 571 874 651 sumptibus
897 572 1026 648 modus3
1052 571 1195 650 publicae

176 696 277 738 cenae
292 678 336 739 ad
351 677 509 755 sportulas
526 678 687 753 redactae3
709 676 913 737 interdictum
928 695 967 737 ne
993 739 1043 787 uf
1115 755 1120 765 .

177 784 259 862 quid
283 783 319 842 in
338 782 465 862 popinis
486 782 567 842 cocti
588 788 711 860 praeter
731 781 893 858 legumina
913 788 968 842 aut
994 751 1153 875 pgnfflti„

177 887 292 949 holera
302 888 436 963 veniret,
449 906 518 948 curn
531 893 624 947 antea
634 886 758 947 nullum
769 906 832 946 non
846 886 968 948 obsonii
993 888 1020 937 οἱ
1029 891 1075 937 th·
1085 888 1167 936 cirre
1210 908 1226 953 s

178 1013 282 1071 genus
297 999 542 1072 proponeretur3
562 992 670 1052 afflicti
685 992 851 1070 suppliciis
866 991 969 1053 Chris·

177 1099 272 1174 tiani,
289 1117 388 1174 genus
404 1098 566 1157 hominum
590 1097 824 1175 superstitionis
846 1115 944 1157 novae
965 1116 1001 1157 ac
1018 1096 1194 1173 maleficae;

178 1204 277 1264 vetiti
302 1202 574 1281 quadrigariorum
600 1201 697 1276 lusus,
720 1201 836 1280 quibus
864 1201 1041 1262 inveterata
1067 1202 1196 1263 licentia

179 1309 305 1388 passim
321 1307 510 1384 vagantibus
532 1306 643 1368 fallere
665 1326 701 1367 ac
721 1307 823 1368 furari
845 1326 900 1385 per
921 1307 1023 1367 iocum
1042 1306 1090 1368 ius
1110 1315 1194 1383 erat,

180 1413 451 1492 pantomimorum
486 1412 641 1474 factiones
673 1430 744 1471 oum
779 1411 859 1490 ipsis
894 1411 988 1473 simul
1024 1412 1194 1488 relegatae,
1213 1430 1241 1475 10

130 1527 166 1580 17
181 1520 337 1579 adversus
353 1517 500 1578 falsarios
513 1524 591 1577 tunc
605 1517 741 1596 primurn
756 1522 923 1595 repertum,
939 1536 978 1577 ne
993 1517 1120 1578 tabulae
1134 1518 1195 1579 nisi

181 1630 332 1701 pertusae
346 1641 383 1683 ao
397 1628 446 1683 ter
460 1621 526 1681 lino
540 1641 596 1699 per
615 1622 773 1682 foramina
790 1622 922 1682 traiecto
940 1621 1194 1700 obsignarentur3

183 1735 314 1789 cautum
339 1733 376 1787 ut
406 1726 604 1788 testamentis
631 1727 752 1805 primae
779 1727 860 1786 duae
888 1745 985 1802 cerae,
1009 1733 1196 1788 testatorum

182 1834 278 1894 modo
297 1832 424 1892 nomine
442 1832 604 1911 inscripto,
619 1850 736 1892 vacuae
756 1832 927 1907 signaturis
947 1832 1195 1909 ostenderentur,

184 1958 221 2000 ac
244 1957 285 1998 ne
308 1937 363 2017 qui
385 1936 481 1997 alieni
503 1936 684 1997 testamenti
707 1937 842 2014 scriptor
863 1936 1001 2014 legatum
1023 1938 1084 1999 sibi
1105 1939 1241 1999 ascri-15

183 2044 285 2120 beret3
303 2043 383 2103 item
394 2049 430 2101 ut
440 2042 616 2118 litigatores
628 2061 684 2120 pro
695 2041 878 2119 patrociniis
890 2049 1006 2102 certam
1018 2042 1195 2122 iustamque

184 2148 371 2222 mercedem,
383 2166 440 2225 pro
452 2146 611 2207 subselliis
625 2146 745 2206 nullam
758 2147 885 2206 omnino
895 2147 1015 2223 darent,
1028 2149 1195 2226 praebente

186 2254 306 2315 aerario
325 2252 483 2329 gratuita,
505 2258 603 2328 utque
622 2270 726 2310 rerum
745 2256 819 2311 actu
838 2252 877 2312 ab
896 2252 1016 2313 aerario
1030 2271 1140 2313 causae
1156 2254 1196 2314 ad

185 2360 289 2419 forum
305 2378 343 2419 ao
357 2357 581 2436 reciperatores
599 2356 855 2432 transferrentur,
871 2363 904 2417 et
918 2363 953 2417 ut
967 2376 1073 2418 omnes
1093 2359 1197 2438 appel·

186 2463 321 2525 lationes
336 2482 356 2522 a
369 2462 527 2523 iudicibus
542 2462 582 2522 ad
597 2467 741 2521 senatum
756 2461 875 2522 fierent.
1205 2473 1241 2533 ,ao

137 2583 173 2634 18
226 2567 376 2645 Augendi
397 2566 656 2646 propagandique
678 2566 803 2644 imperii
825 2586 925 2644 neque
944 2568 1107 2629 voluntate
1129 2569 1195 2630 ulla

187 2694 288 2752 neque
311 2692 367 2751 spe
388 2677 492 2732 motus
514 2690 672 2748 umquam,
689 2671 783 2731 etiam
805 2691 843 2730 ex
862 2671 1029 2733 Britannia
1042 2674 1194 2734 deducere

188 2780 363 2840 exercitum
386 2777 548 2853 cogitavit,
570 2794 628 2836 nee
651 2776 716 2836 nisi
739 2777 937 2852 verecundia,
958 2797 999 2838 ne
1021 2779 1195 2840 obtrectare

188 2884 330 2962 parentis
352 2881 469 2959 gloriae
483 2881 652 2956 videretur,
668 2881 801 2941 destitit.
845 2882 941 2941 Ponti
959 2883 1051 2943 modo
1065 2897 1198 2960 regnum·

188 2989 377 3049 concedente
397 2987 577 3062 Polemone,
601 2986 675 3045 item
701 2985 833 3063 Alpium
858 2987 1007 3047 defuneto
1032 2989 1138 3049 Cottio
1161 2991 1195 3047 in
1212 3002 1241 3047 25

133 3091 135 3096 ’
189 3093 370 3172 provinciae
393 3093 528 3152 formam
550 3091 679 3169 redegit.

140 3210 176 3260 19
229 3197 504 3276 Peregrinationes
526 3196 605 3256 duas
627 3197 754 3256 omnino
777 3197 924 3276 suscepit,
946 3198 1195 3261 Alexandrinam

190 3311 222 3365 et
238 3302 429 3378 Achaicam
452 3302 507 3363 sed
528 3301 746 3362 Alexandrina
765 3302 835 3380 ipso
854 3303 972 3381 profec-

189 3410 284 3471 tionis
307 3408 359 3469 die
381 3406 515 3482 destitit,
536 3407 680 3467 turbatus
703 3407 853 3484 religione
877 3407 971 3469 simul

190 3534 225 3575 ao
239 3514 389 3593 periculo.
431 3512 515 3572 Nam
530 3530 599 3571 cum
614 3511 789 3573 circumitis
802 3513 931 3591 templis
945 3514 980 3573 in
993 3514 1069 3574 aede
1079 3516 1195 3575 Vestae
1211 3524 1241 3571 ³0

190 3621 370 3693 resedisset,
382 3616 582 3692 consurgenti
593 3616 623 3675 ei
638 3617 775 3695 primum
789 3616 906 3678 lacinia
916 3618 1069 3693 obhaesit,
1081 3620 1194 3680 deinde

190 3732 278 3787 tanta
306 3724 419 3785 oborta
445 3720 546 3797 caligo
573 3726 630 3796 est,
656 3726 691 3780 ut
719 3721 872 3800 dispicere
901 3742 963 3783 non
991 3729 1104 3801 posset.
1156 3726 1195 3783 In

997 3367 1161 3427 Expeditior·
