2984 4359
525 291 637 342 mssa
661 291 708 342 vr.
759 292 865 344 runo.
1138 281 1201 347 117

199 463 361 541 Neapolim
378 462 601 538 confluxerant,
617 463 723 541 plures
740 463 934 524 Alexandria
947 464 1098 525 evocavit.
1141 466 1202 526 Ne·

200 589 256 646 que
277 589 314 628 eo
337 568 463 646 segnius
486 568 737 628 adulescentulos
756 569 912 646 equestris
931 569 1050 632 ordinis
1067 576 1100 631 et
1114 572 1202 650 quin-

200 694 256 752 que
287 674 424 752 amplius
460 673 550 733 milia
583 692 600 733 e
634 672 724 752 plebe
760 673 994 735 robustissimae
1026 676 1201 738 iuventutis

199 780 336 857 undique
355 777 459 855 elegit,
475 778 530 856 qui
551 777 646 838 divisi
665 778 700 837 in
721 778 885 854 factiones,
900 778 1066 857 plausuum
1089 801 1203 859 genera

199 885 412 945 condiscerent
441 884 585 963 (bombos
613 888 645 944 et
672 883 818 945 imbrices
846 889 878 945 et
905 890 1004 947 testas
1029 888 1233 966 vocabantls

199 1010 384 1068 operamque
403 994 557 1050 navarent
576 990 717 1050 cantanti
742 988 812 1065 sibi,
833 988 972 1068 insignes
993 992 1203 1070 pinguissima

199 1114 282 1156 coma
296 1102 335 1166 et¹
344 1093 611 1180 excellentissimo
625 1094 713 1154 cultu
727 1094 816 1171 pueri
831 1112 888 1155 nec
902 1095 970 1156 sine
984 1097 1078 1157 anulo
1092 1097 1201 1176 laevis,

199 1219 328 1278 quorum
343 1200 437 1260 duces
451 1198 669 1277 quadringena
682 1198 772 1259 milia
786 1200 932 1261 sestertia
945 1203 1113 1263 merebant.

150 1314 184 1364 21
236 1281 316 1367 (lum
341 1306 447 1382 magni
472 1305 653 1367 aestimaret
680 1311 807 1365 cantare
835 1305 931 1365 etiam
956 1308 1082 1383 Romae,
1107 1308 1203 1368 Nero

198 1430 287 1471 neum
310 1429 411 1486 agona
424 1416 497 1471 ante
516 1410 738 1489 praestitutam
758 1410 842 1470 diem
856 1429 978 1471 revoca
1219 1430 1248 1477 1o

197 1517 252 1591 vit,
264 1515 544 1593 flagitantibusque
557 1514 679 1575 cunctis
691 1515 858 1575 caelestem
869 1534 976 1576 vocem
1002 1491 1203 1626 &mem

197 1620 359 1698 respondit
370 1620 498 1697 quidem
515 1625 547 1679 iu
563 1623 658 1681 tortis
676 1639 707 1680 sc
723 1624 842 1696 copiam
858 1623 978 1680 colente·-

198 1729 251 1785 bas
258 1730 425 1802 sucturum,
446 1726 502 1786 sed
521 1725 691 1786 adiuvante
711 1725 799 1801 vulgi
820 1743 927 1804 preces
948 1725 1044 1785 etiarn
1066 1727 1202 1788 statione

198 1832 344 1904 militum,
358 1850 438 1909 quae
452 1837 528 1890 tunc
544 1832 726 1906 excubabat,
740 1840 1034 1906 repraesentaturum
1044 1851 1074 1891 sc
1085 1832 1203 1909 pollici·
1256 1887 1260 1894 .

197 1943 248 1996 tus
258 1942 306 1996 est
318 1936 436 2011 libens3
463 1955 499 1996 ac
515 1936 582 1996 sine
598 1955 684 1996 mora
698 1954 812 1996 nomen
828 1956 919 1997 suum
931 1937 965 1995 in
975 1935 1047 1996 albo
1058 1937 1203 2015 profiten-
1219 1958 1247 2002 15

196 2042 275 2101 tium
290 2042 541 2101 citharoedorum
561 2042 654 2102 iussit
675 2041 798 2116 ascribi,
818 2041 1029 2118 sorticulaque
1043 2041 1077 2100 in
1090 2061 1202 2103 urnam

196 2166 265 2206 cum
283 2148 395 2206 ceteris
410 2147 555 2220 demissa,
572 2146 705 2206 intravit
723 2146 832 2206 ordine
850 2165 915 2222 suo,
936 2146 1030 2207 simul
1050 2148 1202 2225 praefecti

196 2252 344 2329 praetorii
356 2252 507 2312 citharam
521 2252 722 2326 sustinentes,
734 2257 807 2329 post
815 2251 936 2312 tribuni
946 2252 1094 2328 militum,
1103 2253 1203 2314 iuxta

197 2377 255 2435 que
267 2357 438 2417 amicorum
449 2357 563 2417 intimi.
609 2359 717 2434 thue
732 2357 885 2433 constitit,
898 2364 1023 2435 peracto
1038 2357 1201 2437 principio,

196 2465 329 2523 Niobam
349 2482 380 2522 se
401 2472 593 2522 conteteram
614 2481 670 2541 per
692 2462 839 2522 Cluvium
865 2463 986 2522 Rufum
1007 2463 1201 2524 consularem
1218 2480 1247 2526 20

195 2567 413 2646 pronuntiavit
440 2574 471 2627 et
499 2568 532 2626 in
562 2567 670 2627 horam
699 2568 765 2629 fere
799 2568 952 2628 decimam
980 2568 1200 2647 perseveravit,

196 2691 402 2749 coronamque
414 2692 481 2732 eam
493 2679 525 2732 et
540 2672 693 2750 reliquam
707 2675 889 2735 certaminis
903 2680 1025 2753 partem
1040 2674 1073 2733 in
1085 2693 1201 2733 annum

197 2783 377 2856 sequentem
390 2777 524 2852 distulit,
537 2784 573 2837 ut
586 2778 710 2856 saepius
723 2781 855 2840 canendi
867 2781 987 2859 occasio
998 2787 1089 2842 esset.
1112 2780 1201 2851 Quod
1253 2783 1257 2790 '

195 2902 264 2942 cum
285 2883 412 2943 tardum
428 2883 594 2958 videretur,
611 2903 674 2943 non
696 2887 832 2947 cessavit
855 2886 1026 2946 identidem
1049 2906 1081 2946 se
1103 2885 1202 2963 publi-

195 3007 273 3048 care.
325 2988 491 3048 Dnbitavit
517 2989 613 3049 etiam
638 3009 678 3050 an
704 2978 838 3069 privatis
864 2992 1050 3070 spectaculis
1076 3009 1202 3069 operam
1218 3004 1247 3050 so

195 3094 277 3153 inter
295 3092 452 3154 scaenicos
474 3094 726 3173 daret-quodam
749 3104 927 3176 praetorum
950 3098 1130 3159 sestertium
1152 3096 1202 3156 de·

195 3197 257 3259 cies
278 3198 438 3257 offerente.
485 3200 674 3275 Tragoedias
697 3222 821 3282 quoque
842 3205 984 3264 cantavit
1004 3209 1200 3282 personatus,

194 3303 324 3363 heroum
347 3304 538 3382 deorumque
563 3307 639 3366 item
663 3308 826 3369 heroidum
849 3309 1033 3370 acdeorum
1058 3308 1200 3387 personis

195 3408 315 3469 effectis
346 3410 387 3469 ad
420 3410 659 3471 similitudinem
692 3415 756 3474 oris
788 3415 836 3475 sui
867 3420 899 3474 et
929 3416 1075 3491 feminae,
1108 3419 1201 3493 prout

195 3531 350 3592 quamque
374 3514 529 3590 diligeret.
573 3518 661 3577 Inter
681 3524 786 3579 cetera
809 3520 949 3579 cantavit
970 3522 1113 3582 Canacen
1134 3538 1202 3597 par-
1217 3537 1245 3581 3ο

194 3620 373 3694 turientem,
397 3618 530 3679 Oresten
550 3621 757 3697 matricidam,
779 3623 971 3701 Oedipodem
993 3631 1199 3699 excaecatum,

195 3724 365 3784 Herculem
385 3723 539 3783 insanum.
581 3726 622 3783 In
636 3744 698 3803 qua
712 3727 821 3788 fabula
835 3729 922 3788 fama
935 3734 992 3803 est,
1008 3728 1200 3789 tirunculum
