2984 4359
467 260 579 312 umas
603 259 653 311 111.
708 257 889 310 meamus.
1142 242 1183 308 at

175 439 206 494 et
213 432 313 512 patris
324 432 446 511 patriae
461 432 706 512 appellationem
716 436 749 491 et
762 449 802 490 ne
822 429 856 489 in
875 434 945 490 acta
959 446 1017 489 sua
1029 428 1185 488 iuraretur

174 538 422 600 obstinatissime
438 556 608 612 recusasse,
623 556 662 597 ne
681 556 755 597 mox
773 536 891 596 maiore
910 535 1059 595 dedecore
1083 532 1185 611 impar

175 644 271 705 tantis
287 641 459 704 honoribus
475 640 678 701 inveniretur.
721 638 812 710 Quod
827 656 901 699 sane
919 656 957 698 ex

175 750 315 810 oratione
343 747 421 823 eius,
450 746 602 824 quamde
630 750 762 822 utraque
782 762 816 803 re
837 743 956 817 habuit,
983 717 1163 767 R⁸f⁰⁸⁸⁸t¹²¹⁶

983 792 1169 854 Prterpatrise

175 854 286 931 colligi·
318 859 439 932 potest3
476 852 527 913 vel
564 871 635 911 cum
673 851 728 925 ait,
764 852 894 910 simtiera
927 871 958 910 se
1201 866 1217 912 t

176 979 291 1036 semper
304 963 355 1018 sai
369 962 513 1035 satarum
536 976 588 1017 aec
611 975 757 1032 amquam
780 964 968 1015 metaturam
990 975 1088 1016 mores
1106 976 1185 1032 sace,

175 1084 268 1141 qaam
287 1067 343 1123 dia
360 1082 454 1123 sanae
476 1064 724 1138 aestimatorem
747 1063 800 1120 sed
822 1062 947 1136 exempli
969 1079 1063 1120 caasa
1085 1080 1188 1122 cavera

176 1173 248 1230 darn
270 1188 342 1245 ease,
364 1187 401 1228 ae
423 1187 454 1227 se
468 1176 591 1227 serratas
613 1170 646 1226 ia
669 1174 738 1226 acta
761 1169 940 1241 cuiusquam
962 1166 1113 1244 obligaret,
1134 1170 1189 1243 qai

176 1277 279 1350 atiquo
293 1292 366 1333 oasa
380 1275 494 1340 tardari
503 1280 612 1348 posset.
656 1271 700 1331 Et
713 1289 822 1330 rursus
1304 1349 1308 1358 Ι

216 1380 392 1455 Siquando
413 1386 523 1453 aedera,
538 1376 654 1455 inquit,
669 1379 706 1436 de
728 1378 865 1436 moribas
878 1380 955 1436 ateis
968 1379 1128 1453 devotoque
1141 1397 1189 1437 ao-
1204 1390 1233 1435 10
1266 1379 1298 1466 rs

178 1488 223 1544 bis
244 1488 349 1544 animo
364 1485 582 1558 dubitaveritis,
594 1481 687 1561 (qaod
700 1485 793 1557 prius
813 1500 906 1557 qaam
929 1485 1055 1557 eveniat,
1070 1490 1138 1557 opto
1155 1490 1188 1541 at

177 1610 224 1650 rae
238 1608 395 1665 supremas
417 1591 482 1647 dies
495 1590 564 1647 baia
586 1595 720 1647 mutatae
732 1595 848 1646 cestrae
870 1589 907 1645 de
920 1605 967 1646 rae
981 1590 1120 1662 opinioni
1133 1591 1189 1646 eri·

181 1696 263 1774 piat)
287 1696 365 1753 aibil
391 1695 516 1753 bonoria
542 1695 652 1753 adiciet
676 1694 755 1752 mibi
776 1695 885 1768 patria
908 1692 1080 1767 appellatio,
1105 1694 1189 1752 vabre

179 1808 279 1860 autera
301 1800 491 1875 exprobrabit
511 1806 566 1858 aat
587 1800 783 1857 temeritatem
801 1799 894 1856 delati
911 1798 988 1855 mibi
1005 1799 1072 1854 eius
1085 1815 1189 1875 oogao

178 1908 272 1965 minis
285 1913 338 1964 aut
352 1905 587 1988 iacoastaatiarn
602 1905 749 1963 contrarii
762 1905 799 1961 de
812 1921 858 1961 me
872 1904 988 1960 iudicii.
1205 1915 1234 1960 15

131 2022 167 2074 68
219 2009 354 2088 Corpore
374 2008 438 2068 fuit
452 2006 557 2086 amplo
575 2013 671 2085 atque
688 2007 827 2082 robuste,
843 2012 964 2066 statura
978 2023 1058 2083 qnae
1071 2006 1188 2067 iustam

181 2114 358 2191 excederet,
391 2113 476 2174 latus
504 2114 544 2174 ab
567 2112 686 2172 umeris
710 2118 743 2173 et
767 2117 902 2191 pectore,
924 2111 1036 2171 ceteris
1065 2130 1187 2189 quoque

180 2219 327 2280 membris
350 2237 449 2297 usque
473 2218 514 2280 ad
542 2218 622 2279 imos
646 2218 743 2297 pedes
765 2215 905 2294 aequalis
930 2222 962 2277 et

181 2343 370 2401 congruens3
406 2322 537 2385 sinistra
564 2342 660 2384 manu
688 2321 819 2399 agiliore
848 2341 884 2382 ac
911 2341 962 2382 va·
986 2296 1140 2431 332ssoe

180 2430 301 2504 lidiore,
315 2427 459 2490 articulis
482 2428 529 2489 ita
549 2427 660 2504 firmis,
679 2435 715 2488 ut
735 2446 843 2488 recens
865 2433 897 2487 et
918 2427 962 2486 in·
1204 2439 1235 2485 aa

180 2540 303 2611 tegrum
323 2533 442 2595 malum
464 2533 565 2611 digito
589 2532 771 2609 terebraret,
794 2538 889 2610 caput
910 2534 1000 2611 pueri
1020 2534 1070 2594 vel
1093 2533 1188 2594 etiem

181 2639 391 2701 adulescentis
412 2637 522 2699 talitro
541 2638 729 2699 vulneraret.
774 2636 883 2697 Colore
898 2643 966 2698 erat
985 2638 1127 2714 candida,
1142 2657 1189 2699 ca·

180 2744 258 2822 pillo
285 2763 366 2823 pone
393 2743 575 2822 occipitium
606 2742 821 2803 summissiore
849 2748 885 2802 ut
912 2743 1064 2804 cervicem
1092 2743 1188 2803 etiam

181 2849 348 2927 obtegeret,
363 2850 448 2926 quod
468 2849 586 2925 gentile
606 2848 641 2907 in
661 2847 718 2908 ilio
739 2848 922 2925 ridebatur3
943 2848 1025 2909 faeie
1046 2848 1187 2925 honesta,

180 2955 214 3014 in
228 2974 290 3033 qua
304 2960 410 3014 tamen
425 2954 526 3015 crebri
540 2958 572 3013 et
586 2952 683 3013 subiti
697 2959 845 3028 tumores,
857 2972 928 3013 cum
942 2953 1188 3031 praegrandibus
1204 2970 1234 3016 aa

181 3059 278 3120 oculis
297 3065 330 3120 et
351 3058 415 3137 qai,
429 3057 514 3137 quod
535 3058 649 3118 mirum
668 3064 761 3134 esset,
777 3064 872 3118 nocta
890 3057 988 3119 etiam
1006 3063 1039 3119 et
1057 3059 1091 3117 in
1105 3064 1189 3119 tene·

180 3165 245 3225 bris
257 3164 411 3241 viderent,
426 3164 481 3225 sed
499 3163 541 3224 ad
559 3163 652 3224 breve
675 3169 707 3224 et
726 3183 798 3224 cum
817 3163 954 3242 primam
973 3183 993 3225 a
1012 3182 1119 3224 somno
1137 3183 1189 3244 pa·

179 3271 330 3347 tuissent,
354 3269 470 3330 deinde
484 3288 606 3330 rursum
623 3268 841 3331 hebescebant.
883 3269 1054 3331 Incedebat
1067 3268 1188 3330 cervice

180 3376 282 3452 rigida
300 3381 333 3436 et
352 3374 487 3454 obstipa,
502 3368 637 3435 adducto
659 3375 726 3435 fere
745 3375 846 3450 vultu,
860 3374 1045 3453 plerumque
1062 3374 1186 3450 tacitus,

179 3482 266 3542 nullo
286 3487 343 3542 aut
364 3479 527 3541 rarissimo
547 3480 645 3541 etiam
664 3498 735 3540 oum
754 3479 907 3557 proximis
927 3498 1068 3540 sermone
1089 3480 1187 3557 eoque
1203 3493 1233 3538 ac

180 3588 369 3663 tardissimo,
392 3603 450 3645 nec
472 3584 539 3646 sine
560 3584 649 3646 molli
671 3585 807 3663 quadam
830 3585 1001 3661 digitorum
1025 3583 1188 3663 gesticula-

178 3692 270 3753 tione.
313 3693 403 3763 Quae
427 3688 534 3751 omnia
556 3689 682 3766 ingrata
704 3695 799 3767 atque
820 3690 1017 3767 arrogantiae
1041 3689 1135 3769 plena
1155 3695 1188 3750 et
