2984 4359
469 302 581 353 nnana
604 303 657 354 111.
709 303 889 355 rreuurcs.
1142 294 1185 360 25

175 482 257 536 taret
283 480 339 536 aut
368 475 516 550 demeret,
541 480 640 554 utque
667 475 762 536 nudis
788 475 903 554 puellis
931 477 1184 541 ministrantibus

176 587 347 640 cenarctur.
392 580 633 656 Ignotissimum
660 586 849 657 quaesturae
872 582 1076 643 candidatum
1099 583 1185 645 uobi-

177 685 307 746 lissimis
326 684 508 762 anteposuit
522 683 562 744 ob
576 690 701 763 epotam
719 684 754 744 in
770 685 923 761 conviri0,
939 687 1127 765 propinante
1141 708 1183 765 se,

177 791 449 869 viniamphoram.
494 788 617 850 Asellio
627 789 743 850 Sabino
754 790 900 851 sestertia
910 792 1046 853 ducenta
1054 794 1186 854 donarit

177 895 386 973 prodialogo,
402 895 437 954 in
457 913 519 972 quo
537 893 635 955 boleti
655 900 687 954 et
704 894 855 956 ficedulae
870 903 902 956 et
916 903 1038 958 ostreae
1052 904 1085 959 et
1098 900 1215 959 turdis

178 1005 334 1059 certamen
346 999 521 1059 induxerat.
566 1000 692 1059 Novum
707 1000 844 1078 denique
862 1000 998 1061 officium
1011 1001 1186 1064 instituite

177 1104 402 1182 voluptatibus,
410 1103 590 1183 praeposito
600 1104 707 1181 equite
716 1105 860 1165 Romano
869 1106 1184 1168 T.CaesonioPrisco.

128 1323 165 1374 46
217 1314 372 1376 Pacuuiae
386 1333 498 1393 parcus
513 1332 548 1374 ac
566 1319 670 1389 tenax,
685 1314 815 1375 comites
832 1317 1119 1393 peregrinationum
1136 1337 1186 1377 ex·

178 1420 435 1499 peditionumque
447 1436 617 1496 numquam
628 1419 753 1494 salario,
762 1419 888 1480 cibariis
896 1427 962 1480 tan-

178 1533 245 1587 tum
260 1525 460 1601 sustentavit,
473 1544 536 1585 una
550 1525 642 1585 modo
657 1524 849 1586 liberalitate
864 1545 902 1586 ex
917 1526 961 1585 in·
987 1490 1133 1551 stingum
1202 1554 1231 1600 10

179 1632 342 1708 dulgentia
361 1631 468 1691 vitrici
490 1637 685 1709 prosecutus,
701 1648 772 1690 cum
793 1630 895 1692 tribus
916 1631 1070 1692 classibus
1089 1632 1185 1692 factis

178 1756 235 1815 pro
255 1736 411 1812 dignitate
429 1735 590 1813 cuiusque,
605 1735 726 1813 primae
749 1741 893 1796 sescenta
911 1736 1065 1809 sestertia,
1081 1755 1186 1797 secun·

178 1843 236 1902 dae
257 1842 489 1920 quadringenta
511 1840 683 1916 distribuit,
707 1841 843 1901 ducenta
863 1842 985 1917 tertiae,
1007 1860 1101 1919 quam
1121 1860 1187 1902 non

179 1948 357 2019 amicorum,
374 1947 429 2007 sed
444 1952 603 2024 gratorum
618 1945 809 2025 appellabat.

131 2061 165 2114 47
217 2053 370 2131 Princeps
384 2069 485 2129 neque
500 2070 594 2129 opera
608 2049 675 2111 ulla
688 2050 856 2126 magnifica
869 2051 946 2112 fecit
959 2051 1045 2130 (nam
1060 2058 1092 2112 et
1106 2069 1224 2131 quaero

179 2158 244 2218 sola
258 2163 447 2234 susceperat,
464 2157 603 2234 Augusti
618 2155 773 2233 templum
788 2157 1083 2235 restitutionemque
1096 2159 1186 2218 Pom·

178 2263 281 2340 peiani
298 2262 426 2337 theatri,
442 2262 629 2340 imperfecta
648 2266 721 2339 post
741 2265 790 2321 tot
808 2279 906 2322 annos
925 2261 1069 2342 reliquit)
1085 2282 1185 2340 neque

178 2368 357 2446 spectacula
367 2367 494 2427 omniuo
505 2366 622 2443 edidit3
646 2373 677 2426 et
689 2366 738 2441 iis,
751 2384 831 2444 quae
843 2366 883 2426 ab
894 2366 999 2445 aliquo
1010 2368 1185 2443 ederentur,

178 2473 337 2534 rarissime
348 2472 503 2548 interfuit,
514 2491 555 2531 ne
566 2471 643 2549 quid
655 2477 883 2549 exposceretur,
894 2472 1005 2549 utique
1019 2479 1185 2550 postquam

172 2578 360 2638 'comoedum
376 2577 506 2637 Actium
525 2581 651 2637 coactus
670 2582 720 2637 est
738 2576 967 2637 manumittere.
1010 2579 1184 2638 Paucorum
1201 2594 1231 2640 20

179 2689 356 2743 senatorum
384 2682 492 2760 inopia
519 2686 766 2757 sustentatque
794 2681 938 2759 pluribus
962 2701 1051 2761 opem
1077 2684 1184 2758 ferret,

116 2860 118 2864 y
179 2788 305 2863 negarit
320 2806 353 2847 se
368 2786 440 2847 aliis
458 2789 695 2865 subventurum,
711 2788 775 2850 nisi
795 2790 918 2850 senatui
937 2788 1037 2850 iustas
1056 2789 1186 2849 necessi-

179 2893 291 2953 tatium
306 2911 415 2953 causas
430 2893 623 2970 probassent.
667 2896 734 2966 Quo
749 2901 841 2973 pacto
855 2895 1021 2973 plerosque
1032 2894 1186 2956 modestia

180 3005 210 3058 et
224 2999 343 3076 pudore
357 2998 518 3073 deterruit,
534 2999 697 3077 inquibus
713 3000 892 3074 Hortalum,
908 2999 1018 3070 Quinti
1033 3001 1184 3061 Hortensi

180 3104 310 3164 oratoris
338 3108 494 3180 nepotem,
523 3106 579 3184 qui
609 3106 789 3184 permodica
817 3125 850 3166 re
878 3105 1029 3167 familiari
1058 3111 1183 3165 auctore
1199 3119 1229 3164 25

179 3207 321 3285 Augusto
336 3215 485 3286 quattuor
499 3209 615 3272 liberos
629 3211 755 3272 tulerat.

132 3319 167 3370 48
217 3312 348 3374 Publice
369 3313 617 3376 munificentiam
640 3316 689 3377 bis
710 3316 837 3377 omnino
855 3317 1008 3393 exhibuit,
1023 3317 1183 3396 proposito

179 3416 279 3479 milies
303 3418 486 3479 sestertium
510 3421 648 3497 gratuito
672 3421 706 3482 in
728 3421 860 3482 triennii
880 3428 1013 3501 tempus,
1028 3429 1061 3483 et
1074 3442 1182 3484 rursus

179 3523 365 3599 quibusdam
394 3523 532 3587 dominis
560 3524 744 3603 insularum,
773 3545 853 3606 quae
881 3525 915 3587 in
942 3533 1047 3587 monte
1076 3525 1182 3588 Caelio

179 3627 396 3705 deflagrarant,
419 3628 521 3706 pretio
544 3630 700 3693 restituto.
743 3632 879 3703 Quorum
907 3632 1041 3693 alterum
1069 3646 1228 3707 magnaeo

178 3725 363 3794 difficultate
377 3734 562 3809 nummaria,
577 3735 694 3812 populo
707 3735 862 3796 auxilium
875 3736 1046 3813 flagitante,
1058 3740 1183 3795 coactus
