2984 4359
302 251 345 317 52
379 262 409 314 o.
433 260 590 313 suarour
613 259 842 321 ramorum
864 258 914 309 nn
938 259 1029 309 vrri
1053 259 1252 311 cassanen

302 437 345 495 Et
364 440 400 495 ut
418 432 573 494 laetitiam
593 432 752 511 publicam
771 432 805 491 in
822 438 1009 510 perpetuum
1027 450 1151 509 quoque
1171 439 1305 509 augeret,

303 540 418 601 adiecit
431 539 515 599 diem
531 536 750 598 Saturnalibus
765 535 1001 615 appellavitque
1016 536 1207 597 Iuvenalem.

344 647 477 705 Munera
493 643 689 720 gladiatoria,
705 641 820 720 partim
837 641 870 700 in
884 640 1118 720 amphitheatro
1131 642 1228 702 Tauri
1242 662 1307 721 par-
1321 653 1358 703 18

302 752 361 811 tim
381 751 415 809 in
437 748 572 827 Saeptis,
594 747 715 824 aliquot
737 746 849 821 edidit,
871 745 985 823 quibus
1010 746 1144 807 inseruit
1168 753 1307 807 catervas

273 863 349 945 ⁶ffir
359 855 455 957 ιω,
530 853 682 913 Afrorum
702 853 995 930 Campanorumque
1013 851 1155 930 pugilum
1174 870 1214 911 ex
1228 859 1308 913 utra·

302 969 483 1020 tammulti·
530 977 591 1038 que
618 957 744 1034 regione
773 955 1043 1017 electissimorum.
1086 958 1198 1035 Neque
1226 977 1309 1037 spec

303 1047 371 1093 ”⁰¹¹⁸
530 1063 644 1125 taculis
664 1081 786 1141 semper
803 1062 871 1141 ipse
891 1062 1059 1141 praesedit,
1076 1063 1131 1123 sed
1149 1062 1307 1124 interdum

303 1179 358 1234 aut
372 1169 608 1247 magistratibus
622 1174 678 1229 aut
691 1166 802 1228 amicis
817 1166 1017 1246 praesidendi
1032 1187 1146 1228 munus
1160 1168 1306 1227 iniunxit

305 1277 468 1339 Scaenicos
479 1275 570 1335 ludos
584 1280 616 1334 et
630 1273 757 1335 assidue
772 1279 804 1333 et
818 1272 900 1334 varii
914 1273 1039 1351 generis
1052 1292 1089 1333 ac
1100 1273 1307 1334 multifariam
1392 1355 1396 1364 1

260 1397 288 1442 10
303 1383 389 1458 fecit,
399 1381 556 1459 quondam
571 1385 603 1439 et
616 1384 795 1454 nocturnos,
809 1378 947 1439 accensis
961 1384 1030 1438 tota
1037 1379 1113 1438 urbe
1127 1377 1306 1439 luminibus.

305 1488 427 1566 Sparsit
447 1490 479 1546 et
500 1484 634 1546 missilia
652 1484 811 1543 variarum
830 1502 943 1558 rerum,
963 1490 996 1543 et
1017 1484 1147 1562 panaria
1166 1502 1238 1544 cum
1260 1484 1310 1544 oo

304 1593 393 1654 sonio
408 1591 528 1674 viritim
542 1590 671 1666 divisit3
693 1608 757 1667 qua
769 1588 950 1667 epulatione
964 1589 1065 1666 equiti
1084 1589 1227 1649 Romano
1240 1608 1308 1649 oon-

304 1704 354 1758 tra
368 1717 400 1758 se
414 1696 548 1756 hilarius
565 1694 753 1771 avidiusque
767 1693 907 1755 vescenti
927 1700 1032 1772 partes
1047 1712 1121 1754 suas
1140 1694 1238 1769 misit,
1254 1695 1308 1754 sed

304 1809 336 1863 et
360 1802 497 1863 senatori
520 1800 559 1861 ob
581 1800 712 1860 eandem
737 1818 864 1860 oausam
892 1799 1062 1873 codicillos,
1085 1799 1199 1876 quibus
1225 1819 1309 1878 prae

260 1914 403 1968 lotorem
431 1925 501 1966 eum
530 1911 620 1965 extra
645 1904 787 1964 ordinem
816 1904 1012 1980 designabat.
1053 1904 1164 1963 Edidit
1193 1911 1225 1964 et
1253 1905 1309 1965 cir·

304 2031 410 2073 censes
431 2010 585 2089 plurimos
609 2029 629 2070 a
651 2028 742 2069 mane
764 2010 805 2069 ad
829 2028 1001 2087 vesperam,
1026 2009 1193 2069 interiecta
1216 2010 1309 2070 modo

303 2118 526 2177 Africanarum
541 2114 706 2175 venatione
723 2115 816 2175 modo
833 2115 945 2174 Troiae
963 2113 1154 2190 decursione,
1170 2119 1202 2174 et
1220 2134 1309 2193 quos·

304 2223 375 2283 dam
392 2221 585 2300 praecipuos,
600 2220 699 2279 minio
713 2226 745 2279 et
760 2219 955 2298 chrysocolla
968 2225 1127 2280 constrato
1146 2219 1237 2294 circo,
1252 2238 1309 2280 nec

303 2327 378 2387 ullis
393 2327 509 2387 nisiex
527 2326 683 2386 senatorio
696 2325 807 2385 ordine
824 2325 1050 2401 aurigantibus.
1094 2324 1259 2385 Commisit
1277 2329 1309 2385 et

257 2446 287 2492 ao
303 2433 433 2507 subitos,
454 2451 524 2491 cum
543 2451 560 2491 e
577 2430 745 2491 Gelotiana
762 2436 948 2508 apparatum
971 2429 1046 2490 circi
1064 2429 1309 2508 prospicientem

302 2538 393 2616 pauci
408 2556 447 2597 ex
459 2537 614 2616 proximis
629 2536 807 2596 Maenianis
822 2527 1043 2614 postulassent.

342 2644 469 2703 Novum
483 2648 644 2720 praeterea
658 2647 752 2719 atque
766 2641 944 2701 inauditum
959 2660 1057 2717 genus
1072 2639 1244 2719 spectaculi
1260 2656 1358 2710 err-19

302 2749 462 2826 cogitavit.
504 2749 588 2807 Nam
604 2746 752 2807 Baiarum
767 2747 904 2806 medium
919 2745 1122 2806 intervallum
1138 2746 1178 2805 ad
1198 2749 1310 2806 Puteo

301 2827 442 2955 flisonuge
526 2852 614 2913 lanas
640 2851 746 2928 moles,
772 2852 866 2911 trium
894 2851 1017 2912 milium
1041 2858 1074 2911 et
1097 2859 1309 2913 sescentorum

256 2968 286 3015 25
300 2969 365 3018 from
374 2970 453 3017 Bane
526 2959 593 3018 fere
607 2976 757 3036 passuum
774 2958 922 3036 spatium,
937 2963 1032 3035 ponte
1051 2958 1225 3034 coniunxit,
1240 2977 1309 3019 con·

301 3044 439 3093 toPuteon
526 3064 637 3124 tractis
659 3064 798 3143 undique
819 3063 969 3123 onerariis
990 3062 1124 3123 navibus
1145 3068 1178 3123 et
1198 3064 1308 3123 ordine

302 3169 421 3247 duplici
458 3170 499 3229 ad
536 3188 664 3230 ancoras
703 3169 883 3244 conlocatis,
923 3169 1158 3247 superiectoque
1196 3187 1308 3245 aggere

301 3280 425 3335 terreno
449 3293 484 3335 ac
509 3275 627 3334 directo
650 3275 684 3333 in
705 3275 829 3353 Appiae
849 3275 928 3335 Viae
952 3274 1095 3334 formam.
1137 3275 1199 3333 Per
1222 3275 1309 3335 hune

301 3385 426 3459 pontem
452 3379 536 3439 ultro
559 3380 640 3440 citro
663 3381 851 3440 commeavit
876 3381 971 3440 biduo
995 3380 1179 3454 continenti,
1205 3380 1308 3458 primo

255 3497 285 3543 ao
301 3485 352 3545 die
368 3485 530 3563 phalerato
541 3503 621 3563 equo
634 3485 833 3563 insignisque
847 3504 979 3564 quercea
993 3504 1106 3546 corona
1117 3492 1149 3545 et
1159 3491 1264 3546 caetra
1274 3490 1307 3546 et

301 3590 405 3668 gladio
428 3607 584 3668 aureaque
605 3589 782 3668 chlamyde,
797 3590 949 3668 postridie
970 3590 1171 3668 quadrigario
1194 3590 1307 3651 habitu

300 3693 515 3771 curriculoque
536 3693 637 3772 biiugi
656 3695 850 3756 famosorum
870 3714 1029 3773 equorum,
1050 3713 1125 3774 prae
1146 3714 1180 3756 se
1200 3696 1306 3757 ferens
