2984 4359
412 281 524 333 mnus
546 282 581 334 v,
634 281 750 334 nrvus
772 280 966 333 macoma.
1152 268 1194 335 at

186 454 291 533 palam
306 452 490 516 immutatos
505 455 649 515 datorum
664 453 834 515 officiorum
853 453 1031 530 codicillos;
1053 452 1195 533 Appium

186 560 329 621 Silanum
364 578 565 620 consocerum
600 579 701 634 suum,
730 558 893 637 Iuliasque
928 558 1059 619 alteram
1086 558 1194 635 Drusi,

185 667 316 727 alteram
332 664 512 727 Germanici
526 664 636 740 filiam,
651 664 782 725 crimine
796 665 916 725 incerto
935 682 992 724 nec
1011 663 1194 725 defensione

184 772 252 832 ulla
261 773 338 832 data
350 770 475 847 occidit,
486 770 563 830 item
575 770 630 831 (ln.
643 770 830 849 Pompeium
845 769 971 830 maioris
986 769 1070 829 filiae
1081 770 1194 846 virum,

186 882 218 937 et
238 878 272 937 L.
296 877 438 937 Silanum
461 876 591 936 minoris
614 894 772 954 sponsum.
814 875 865 934 Ex
886 874 1002 952 quibus
1023 875 1225 954 Pompeiust

186 1029 193 1043 .
214 1030 220 1042 .
242 1029 249 1042 .
270 983 437 1043 confossus
452 987 510 1057 est,
524 981 651 1042 Silanus
666 981 811 1042 abdicare
825 999 859 1042 se
873 985 1020 1059 praetura
1033 987 1106 1041 ante
1121 980 1193 1040 IIII

185 1088 257 1148 Kal.
274 1089 343 1149 Ian.
359 1087 500 1165 morique
516 1087 610 1146 initio
622 1086 698 1147 anni
715 1092 849 1160 coactus,
865 1086 916 1145 die
938 1085 1008 1163 ipso
1028 1085 1141 1146 Claudi
1162 1092 1195 1147 et

187 1193 383 1272 Agrippinae
395 1193 586 1272 nuptiarum.
631 1193 670 1252 In
686 1192 825 1270 quinque
839 1197 872 1251 et
888 1191 1022 1269 triginta
1035 1199 1194 1254 senatores

184 1304 403 1376 trecentosque
429 1298 565 1377 amplius
592 1297 714 1376 equites
739 1298 899 1358 Romanos
925 1303 1016 1358 tanta
1038 1297 1194 1358 facilitate

185 1404 419 1479 animadvertit,
448 1410 493 1478 ut,
522 1404 561 1464 de
591 1421 667 1463 nece
697 1402 873 1463 consularis
901 1402 962 1462 viri
993 1403 1194 1465 renuntiante
1211 1420 1241 1468 ιο

184 1509 367 1570 centurione
391 1509 511 1569 factum
537 1527 605 1570 esse
631 1508 716 1587 quod
741 1508 937 1587 imperasset,
959 1514 1090 1585 negaret
1111 1509 1195 1587 quie

184 1634 279 1692 quam
312 1634 345 1675 se
378 1615 557 1693 imperasse,
592 1613 695 1674 nihilo
727 1614 832 1675 minus
868 1632 934 1674 rem
969 1614 1193 1693 comprobaret,

184 1720 413 1780 affirmantibus
444 1718 568 1779 libertis
600 1718 702 1779 officio
730 1718 851 1779 milites
879 1719 1014 1795 functos,
1043 1719 1127 1797 quod
1154 1719 1194 1779 ad

184 1826 339 1885 ultionem
361 1824 559 1903 imperatoris
582 1823 668 1884 ultro
688 1824 966 1902 procucurrissent.
1009 1825 1093 1885 Nam
1113 1824 1195 1884 illud

185 1949 308 1991 omnem
332 1930 428 1990 fidem
453 1929 623 1991 excesserit
651 1929 735 2008 quod
762 1929 893 2008 nuptiis,
919 1948 998 2007 quas
1022 1929 1240 1991 Messalinam

184 2053 253 2095 oum
280 2034 424 2095 adultero
454 2034 534 2095 Silio
559 2035 687 2110 iecerat,
712 2034 846 2096 tabellas
871 2035 954 2095 dotis
979 2035 1103 2113 etipse
1127 2054 1195 2096 con-

185 2140 366 2217 signaverit,
387 2140 544 2215 inductus,
564 2140 655 2218 quasi
675 2139 713 2200 de
733 2139 893 2201 industria
912 2139 1137 2201 simularentur
1153 2140 1195 2201 ad

184 2246 391 2306 avertendum
406 2245 724 2323 transferendumque
737 2244 923 2323 periculum,
934 2245 1017 2323 quod
1031 2243 1195 2306 imminere

185 2351 246 2429 ipsi
261 2369 317 2429 per
332 2351 486 2428 quaedam
501 2356 627 2411 ostenta
640 2351 890 2429 portenderetur.

136 2470 172 2522 ao
224 2445 408 2516 Auctoritas
433 2455 634 2534 dignitasque
658 2456 780 2516 formae
806 2475 871 2516 non
894 2456 998 2516 defuit
1021 2456 1060 2531 ei,
1085 2474 1195 2517 verum
1210 2472 1241 2519 ao

185 2562 284 2622 stanti
305 2561 357 2621 rel
379 2561 503 2621 sedenti
523 2579 560 2621 ac
580 2560 746 2639 praecipue
766 2560 958 2639 quiescenti;
981 2563 1068 2640 (nam
1082 2566 1115 2621 et
1128 2579 1196 2639 pro

184 2667 249 2727 lixo
263 2686 322 2727 nec
336 2666 413 2726 exili
429 2684 557 2744 corpore
577 2672 652 2742 erat,
668 2672 701 2726 et
720 2666 824 2745 specie
844 2666 971 2726 canitie·

185 2791 246 2849 que
273 2772 392 2850 pulcra,
419 2771 532 2850 opimis
561 2770 749 2852 cervicibus)
775 2778 912 2831 ceterum
937 2777 971 2832 et
995 2746 1169 2868 affigo*

185 2877 414 2955 ingredientem
450 2876 666 2937 destituebant
700 2876 838 2955 poplites
866 2876 970 2936 minus

185 2984 278 3058 firmi,
301 2989 334 3043 et
356 2982 488 3042 remisse
511 2981 589 3060 quid
616 2980 668 3041 vel
696 2982 778 3041 serio
802 2987 948 3059 agentem
975 2981 1077 3042 multa
1104 2982 1196 3042 deho
1210 3002 1241 3048 as

185 3089 371 3149 nestabant:
402 3088 485 3148 risus
514 3087 672 3162 indecens,
695 3086 743 3147 ira
763 3088 886 3165 turpior
909 3093 1075 3165 spumante
1103 3086 1194 3164 rictu,

185 3193 366 3254 umentibus
382 3192 520 3267 naribus,
531 3198 694 3271 praeterea
707 3192 834 3269 linguae
847 3191 1028 3268 titubantia,
1039 3199 1195 3271 caputque

145 3296 153 3314 ⁰
185 3319 256 3360 cum
282 3317 414 3377 semper,
437 3306 506 3357 tum
529 3297 563 3357 in
588 3297 875 3376 quantulocumque
899 3303 972 3358 actu

138 3422 171 3473 ³1
184 3405 236 3465 vel
247 3404 385 3465 maxime
395 3401 575 3464 tremulum.
605 3401 971 3464 Valetudinesicutolim

186 3511 284 3588 gravi,
306 3510 354 3570 ita
374 3507 523 3587 princeps
543 3525 692 3585 prospera
712 3527 790 3568 usus
811 3514 868 3583 est,
890 3513 1021 3586 excepto
1043 3507 1195 3568 stomachi
1211 3531 1241 3577 30

186 3617 300 3691 dolore,
324 3633 387 3693 quo
409 3631 442 3674 se
465 3617 644 3690 correptum
667 3611 764 3672 etiam
789 3614 828 3673 de
853 3612 1073 3673 consciscenda
1097 3619 1195 3673 morte

186 3721 340 3798 cogitasse
354 3716 447 3780 dixit.

996 3364 1090 3412 scalth
