2984 4359
296 222 360 287 126
398 235 428 286 c.
448 234 606 290 sonroru
625 235 854 298 russonum
875 235 925 285 nn
945 236 1036 286 vrrs
1056 236 1258 288 cnnsanuu

295 407 472 469 summissis
490 407 545 485 qui
565 413 597 467 et
616 408 735 468 Romae
757 413 931 468 morantem
948 407 1059 470 litibus
1074 415 1108 469 et
1126 409 1160 468 in
1178 428 1300 470 secessu

294 513 509 591 quiescentem
525 531 581 591 per
594 512 735 573 convicia
754 518 787 572 et
804 513 888 573 iocos
906 520 990 573 terra
1008 514 1148 592 marique
1167 522 1300 593 praeter·

295 618 445 679 vehentes
475 618 697 696 inquietarent.
740 619 858 678 Verum
883 618 978 678 minis
1002 618 1070 679 eius
1092 639 1128 680 ac
1148 619 1300 681 violentia

293 725 422 785 territus
445 724 574 802 perdere
597 724 727 799 statuit,
757 728 880 784 etcum
901 730 949 784 ter
969 742 1089 784 veneno
1113 731 1299 804 temptasset

261 848 277 892 s
293 830 487 909 sentiretque
502 829 654 890 antidotis
674 829 914 908 praemunitam,
928 829 1101 907 lacunaria,
1113 851 1192 909 quae
1206 838 1299 893 noctu

293 955 387 1014 super
414 937 622 995 dormientem
647 935 756 995 laxata
779 934 924 996 machina
950 936 1139 1012 deciderent,
1164 937 1296 1016 paravit

293 1042 364 1101 Hoc
378 1040 510 1101 consilio
524 1059 580 1119 per
594 1039 734 1101 conscios
752 1060 861 1118 pamm
877 1042 987 1116 celato,
1003 1041 1162 1102 solutilem
1176 1062 1296 1119 navem,

292 1146 382 1207 cuius
396 1145 448 1206 vel
462 1145 629 1221 naufragio
640 1146 690 1205 vel
704 1164 846 1206 camarae
860 1147 952 1207 ruina
964 1146 1092 1225 periret,
1106 1155 1297 1209 commentus

292 1258 350 1327 est,
368 1258 462 1330 atque
484 1252 530 1311 ita
549 1250 804 1311 reconciliatione
823 1252 981 1327 simulata,
996 1252 1231 1314 iucundissimis
1250 1254 1298 1314 lit

248 1371 277 1416 10
292 1357 369 1417 teris
389 1357 485 1417 Baias
510 1357 654 1416 evocavit
675 1357 715 1417 ad
741 1356 907 1418 sollemnia
927 1358 1177 1435 Quinquatruum
1205 1358 1298 1419 simul

292 1462 493 1538 celebranda,
516 1464 653 1539 datoque
673 1462 798 1539 negotio
819 1462 1011 1538 trierarchis,
1032 1464 1088 1540 qui
1112 1464 1297 1525 liburnicam

292 1585 355 1645 qua
374 1569 506 1628 advecta
530 1573 597 1627 erat
618 1567 707 1627 velut
727 1568 861 1627 fortuito
882 1587 1034 1628 concursu
1053 1569 1296 1646 confringerent,

291 1673 448 1751 protraxit
469 1672 657 1748 convivium,
680 1673 898 1751 repetentique
920 1673 1036 1734 Baulos
1058 1674 1091 1733 in
1112 1673 1215 1733 locum
1236 1694 1297 1735 cor-

292 1778 378 1856 rupti
392 1777 512 1854 navigii
530 1777 746 1838 machinosum
763 1778 844 1837 illud
859 1778 984 1854 obtulit,
999 1779 1099 1839 hilare
1114 1786 1297 1857 prosecutus

248 1900 276 1945 15
292 1889 386 1960 atque
415 1883 450 1941 in
475 1883 618 1958 digressu
643 1883 780 1961 papillas
807 1902 932 1961 quoqne
956 1883 1164 1945 exosculatus.
1215 1885 1297 1945 Reli·

293 2008 389 2066 quum
410 1989 561 2066 temporis
582 2006 653 2046 cum
672 2008 786 2065 magna
806 1989 1016 2066 trepidatione
1037 1989 1192 2066 vigilavit,
1208 2010 1297 2068 oppe-
1383 2034 1388 2042 .

292 2093 377 2160 riens
387 2099 568 2171 coeptorum
583 2094 712 2153 exitum.
756 2094 818 2154 Sed
828 2100 864 2153 ut
875 2094 1000 2155 diversa
1014 2095 1120 2155 omnia
1132 2096 1297 2173 nandoque

292 2198 430 2259 evasisse
449 2217 519 2258 eam
535 2199 697 2275 comperit,
713 2200 804 2276 inops
821 2199 947 2259 consilii
966 2201 1000 2259 L.
1016 2200 1190 2276 Agerinum
1209 2200 1297 2261 liber-

292 2310 359 2364 tum
379 2304 456 2378 eius,
473 2303 592 2363 salvam
613 2309 646 2362 et
665 2303 853 2363 incolumem
872 2323 943 2365 oum
961 2306 1076 2382 gaudio
1089 2306 1296 2380 nrmtiantem,

247 2423 277 2468 ao
293 2407 414 2469 abiecto
433 2408 514 2468 clam
529 2408 618 2468 iuxta
634 2409 779 2485 pugione,
797 2415 834 2469 ut
851 2428 1063 2487 percussorem
1079 2409 1139 2471 sibi
1154 2412 1299 2471 suborna

293 2521 361 2574 tum
390 2513 487 2591 arripi
516 2513 750 2591 constringique
779 2513 881 2590 iussit,
909 2521 1042 2575 matrem
1070 2515 1178 2591 occidi,
1207 2516 1297 2594 quasi

292 2618 522 2697 deprehensum
541 2618 658 2678 crimen
676 2619 856 2679 voluntaria
873 2626 972 2680 morte
988 2619 1127 2680 vitasset.
1171 2622 1298 2681 Addun-

292 2723 416 2784 turbis
438 2723 600 2799 atrociora,
621 2743 679 2783 neo
703 2724 834 2784 incertis
857 2725 1047 2785 auctoribus:
1071 2726 1111 2785 ad
1132 2726 1297 2786 visendum

293 2830 479 2889 interfectae
496 2829 629 2888 cadaver
647 2830 826 2905 accurrisse,
847 2836 1056 2890 contrectasse
1073 2831 1221 2907 membra,
1236 2830 1298 2891 alia

247 2948 276 2992 ns
292 2934 497 3012 vituperasse,
513 2934 576 2993 alia
593 2934 746 3010 laudasse,
763 2935 879 3012 sitique
898 2935 1025 2994 interim
1044 2936 1154 2996 oborta
1170 2936 1295 2997 bibisse.

292 3041 403 3117 Neque
425 3045 531 3099 tamen
553 3039 777 3100 conscientiam
799 3040 934 3117 sceleris,
956 3060 1145 3119 quamquam
1166 3047 1198 3101 et
1218 3041 1297 3100 mili-

292 3151 360 3204 tum
382 3151 414 3204 et
435 3150 562 3205 senatus
582 3145 753 3223 populique
771 3146 1033 3222 gratulationibus
1053 3146 1295 3221 confirmaretur,

292 3257 348 3311 aut
368 3250 476 3310 statim
497 3257 553 3311 aut
576 3269 725 3328 umquam
747 3258 856 3329 postea
876 3253 958 3312 ferre
980 3252 1091 3330 potuit,
1115 3270 1206 3331 saepe
1231 3271 1297 3311 oon·

292 3356 397 3415 fessus
418 3354 572 3431 exagitari
594 3375 627 3415 se
649 3363 792 3418 materna
816 3359 918 3436 speeie
943 3358 1187 3435 verberibusque
1212 3356 1298 3416 Furi·

247 3471 277 3516 30
293 3481 382 3522 arum
405 3481 439 3521 ao
465 3462 566 3522 taedis
592 3462 783 3523 ardentibus.
826 3464 909 3534 Quin
937 3470 969 3524 et
996 3465 1081 3524 facto
1109 3483 1165 3541 per
1188 3464 1296 3540 Magos

294 3587 382 3628 sacro
404 3587 532 3627 evocare
555 3570 665 3629 Manes
691 3576 723 3629 et
747 3588 874 3629 exorare
898 3570 1077 3647 temptavit.
1119 3569 1298 3646 Peregrina·

293 3674 379 3733 tione
402 3672 529 3750 quidem
552 3673 701 3733 Graeciae
722 3681 755 3734 et
779 3674 938 3735 Eleusinis
960 3674 1067 3751 sacris,
1088 3694 1221 3752 quorum
1241 3674 1297 3733 ini-
