2984 4359
280 242 323 306 14
357 254 389 306 c.
414 254 569 306 sunroni
591 254 822 317 russonum
844 255 894 305 nn
913 255 1005 304 vira
1029 255 1231 307 CAESARUM

320 426 390 487 Soio
409 426 505 503 vulgo
519 446 703 506 persuasum
716 426 818 505 quasi,
832 445 958 504 egresso
968 433 1042 506 post
1056 434 1209 489 secretum
1225 447 1287 489 ser-

279 551 403 591 monem
418 532 552 607 Tiberio,
564 551 626 591 vox
639 532 777 608 Augusti
789 551 845 610 per
859 532 1067 592 cubicularios
1081 540 1213 612 excepta
1226 534 1282 595 sit:

277 695 438 755 mum,
508 639 656 697 Miserum
679 639 827 713 populum
855 638 1031 698 Bouianum
1058 642 1112 714 qui
1138 641 1192 698 sub
1221 649 1285 700 tum

230 787 233 791 »
278 767 437 817 „flmmf
507 745 595 801 lentis
622 744 754 801 mucidis
780 744 857 801 erit!
897 743 948 801 Ne
975 742 1056 802 illud
1085 743 1212 820 quidem
1240 746 1285 822 ig-

246 864 262 909 5
276 841 417 891 mmm
508 866 584 906 noro
594 846 716 924 aliquos
730 847 911 922 tradidisse,
920 848 1100 923 Augustum
1111 849 1216 926 palam
1226 870 1284 910 nec

277 919 408 965 character
532 952 537 963 .
577 952 583 964 .
943 953 948 964 .
1042 953 1047 966 .
1071 953 1076 966 .

507 952 745 1012 dissimulanter
772 972 894 1012 morum
922 972 990 1013 eius
1018 954 1177 1013 diritatem
1206 956 1284 1016 adeo

277 1058 478 1135 improbasse,
505 1062 542 1116 ut
571 1076 805 1135 nonnumquam
834 1051 1028 1118 remissiores
1057 1059 1285 1138 hilarioresque

277 1181 434 1224 sermones
451 1155 692 1241 superveniente
709 1181 746 1221 eo
763 1163 975 1240 abrumperem
999 1164 1055 1223 sed
1068 1171 1283 1242 expugnatum

277 1268 421 1347 precibus
442 1266 549 1327 uxoris
568 1267 769 1345 adoptionem
787 1287 850 1327 non
871 1268 1026 1343 abnuisse,
1041 1268 1093 1328 vel
1110 1269 1205 1329 etiarn
1222 1289 1284 1330 arn·

232 1385 262 1430 10
276 1372 396 1433 bitione
423 1377 567 1449 tractum,
595 1377 631 1431 ut
659 1372 718 1432 tali
746 1391 923 1433 successore
950 1373 1188 1434 desiderabilior
1214 1375 1283 1452 ipse

277 1478 463 1555 quandoque
480 1477 576 1538 fieret.
608 1477 734 1537 Adduci
747 1484 855 1537 tamen
868 1496 989 1555 nequeo
1003 1478 1081 1555 quin
1094 1479 1281 1555 existimem,

277 1583 626 1659 circumspectissimum
655 1590 687 1642 et
722 1582 1002 1660 prudentissimum
1037 1583 1220 1663 principem,
1247 1584 1283 1644 in

276 1692 367 1747 tanto
382 1687 568 1765 praesertim
586 1686 721 1763 negotio,
736 1687 818 1745 nihil
835 1693 953 1747 temere
969 1687 1100 1764 fecisse5
1124 1690 1178 1749 sed
1192 1689 1282 1749 vitiis

277 1791 396 1852 Tiberii
410 1791 644 1869 virtutibusque
663 1792 827 1870 perpensis
841 1792 978 1869 potiores
993 1793 1120 1854 duxisse
1136 1794 1281 1869 virtutes,

232 1913 261 1958 15
277 1896 463 1974 praesertim
474 1914 544 1956 curn
559 1901 591 1955 et
605 1896 650 1956 rei
664 1896 809 1974 publicae
823 1915 917 1957 causa
929 1897 1079 1975 adoptare
1093 1918 1126 1958 se
1140 1916 1209 1957 eum
1225 1917 1282 1976 pro

276 2001 420 2061 contione
436 2000 596 2076 iuraverit,
611 2010 644 2061 et
654 2001 802 2079 epistulis
813 2001 934 2078 aliquot
945 2008 982 2061 ut
995 2002 1219 2080 peritissimum
1236 2003 1282 2063 rei

277 2105 424 2165 militaris
436 2112 534 2183 utque
547 2106 676 2165 unicum
689 2105 806 2184 populo
820 2107 962 2166 Romano
975 2107 1167 2185 praesidium
1181 2126 1282 2185 prose

277 2217 399 2288 quatur.
435 2212 485 2269 Ex
496 2210 610 2288 quibus
625 2210 658 2269 in
668 2210 847 2288 exemplum
861 2230 962 2288 pauca
975 2210 1133 2271 hincinde
1145 2211 1280 2272 subieci:

324 2342 405 2415 Vale,
429 2344 645 2400 iucundissime
669 2344 779 2415 Tiberi,
794 2350 822 2399 et
833 2344 967 2416 feliciter
983 2361 1047 2400 rem
1065 2361 1141 2419 pere,
1157 2345 1218 2418 ἐμοὶ
1237 2345 1282 2402 καὶ

232 2460 262 2506 20
277 2450 337 2508 ταῖς
361 2448 489 2508 Μούσαις
518 2450 693 2527 στρατηγῶν.
744 2448 966 2505 Iucundissime
990 2455 1018 2505 et
1044 2449 1089 2505 itu
1116 2450 1174 2505 sim
1194 2450 1281 2523 felic,

277 2554 326 2609 uir
332 2553 500 2625 fortissime
514 2560 542 2609 et
555 2554 617 2609 duc
630 2552 812 2628 νομιμώτατε,
826 2554 899 2610 oute.

316 2655 460 2716 Ordinem
480 2660 662 2715 comicorum
684 2658 825 2715 tuorum!
865 2659 933 2733 Epo
954 2676 1033 2731 uere,
1054 2662 1099 2716 mi
1124 2660 1232 2731 Tiberi,
1254 2667 1282 2717 et

277 2806 399 2852 mmm
415 2803 480 2852 Μ
504 2765 583 2820 iuter
595 2770 636 2819 tot
650 2781 752 2821 rerum
769 2764 957 2837 diffimltutes
971 2764 1016 2821 καὶ
1030 2767 1170 2839 τοσαύτην
1183 2765 1283 2824 duolio

277 2880 437 2939 Augustus's
505 2868 570 2942 μίαν
594 2871 649 2927 τῶν
676 2867 900 2945 στρατευομένων
931 2886 992 2924 riou
1017 2872 1153 2941 potuisse
1185 2887 1283 2942 quem

232 2981 261 3025 2⁶
277 2956 369 3001 Μ’
505 2993 596 3048 quum
613 2978 795 3050 prudentius
814 2992 914 3050 perere
937 2993 967 3031 se
987 2992 1078 3047 quum
1097 2981 1129 3031 tu
1147 2976 1281 3050 pesseris,

278 3086 421 3142 existimo.
465 3085 496 3141 Ii
509 3099 624 3156 quoque
639 3083 692 3155 qui
709 3088 804 3138 tecum
820 3082 949 3154 suerunt
968 3097 1070 3137 omnes
1097 3081 1280 3154 confitentur,

277 3206 396 3247 uersum
411 3190 495 3247 ilium
510 3190 543 3245 iu
556 3194 584 3244 te
591 3204 680 3260 posse
694 3188 756 3244 dici
763 3206 774 3245 :

444 3316 528 3397 Urius
541 3335 628 3391 bomo
643 3333 727 3394 uobis
740 3307 896 3409 cipituudo
909 3325 1037 3390 restituit
1050 3350 1120 3389 rem.

318 3471 391 3531 Siue
410 3472 484 3544 quid
503 3470 609 3527 iumdit
627 3469 663 3525 de
681 3485 740 3540 quo
757 3470 796 3525 sit
814 3468 1005 3543 copituudum
1025 3468 1206 3542 diiiqeutius,
1220 3469 1282 3524 siue

233 3600 263 3646 30
278 3578 351 3651 quid
372 3575 539 3633 stomachor
556 3573 651 3645 ualde,
666 3574 783 3630 medius
796 3573 896 3646 fidius
919 3571 1073 3629 Tiberium
1090 3589 1190 3628 meum
1209 3573 1284 3629 desi·

279 3683 358 3753 dero,
373 3680 574 3752 succurritque
588 3695 692 3735 uersus
705 3677 756 3734 ille
770 3676 970 3734 Homericus:
