2984 4359
313 267 355 329 22
389 280 419 332 c.
445 280 602 359 suuroru
624 281 853 344 sannorum
876 283 926 332 nu
946 282 1038 333 turn
1061 283 1265 335 cursuuuu

312 452 439 513 diasset.
492 454 648 515 Externas
673 454 888 529 caerimonias,
910 455 1085 534 Aegyptios
1111 456 1318 534 Iudaicosque
1332 465 1370 516 36

538 559 619 618 ritus
644 558 846 637 compescuit,
871 561 987 620 coactis
1012 561 1067 637 qui
1095 561 1318 639 superstitione

538 682 575 723 ea
595 664 784 724 tenebantur
806 664 968 741 religiosas
988 672 1091 725 vestes
1113 686 1182 726 cum
1204 666 1319 727 instru-

537 775 644 829 mento
665 770 751 829 omni
772 771 960 830 comburere.
1004 772 1191 832 Iudaeorum
1213 773 1319 833 iuven-

280 882 412 938 ttutem
436 895 493 955 per
518 875 653 954 speciem
681 875 869 936 sacramenti
898 876 931 934 in
959 877 1137 954 provincias
1164 879 1318 954 gravioris

311 981 390 1042 caeli
424 981 597 1056 distribuit,
627 979 765 1058 reliquos
800 981 903 1057 gentis
938 983 1079 1043 eiusdem
1113 982 1164 1043 vel
1200 984 1319 1045 similia

313 1092 468 1148 sectantes
482 1087 559 1146 urbe
573 1085 753 1161 summovit,
770 1086 828 1147 suh
847 1105 948 1164 poena
966 1094 1136 1167 perpetuae
1154 1090 1317 1150 servitutis

311 1192 375 1252 nisi
395 1193 671 1269 obtemperassent.
716 1191 848 1269 Expulit
869 1198 902 1251 et
922 1192 1170 1269 mathematicos,
1191 1195 1247 1254 sed
1268 1195 1318 1255 de·

311 1297 510 1375 precantibus
530 1315 565 1357 ac
580 1315 614 1356 se
628 1303 729 1356 artem
745 1296 903 1357 desituros
922 1298 1178 1375 promittentibus
1192 1300 1317 1360 reniam

267 1414 295 1460 ιο
311 1387 408 1462 uiuis.

352 1507 526 1585 Inprimis
551 1507 686 1567 tuendae
713 1508 801 1585 pacis
826 1526 845 1567 a
869 1509 1056 1583 grassaturis
1082 1528 1118 1569 ac
1141 1509 1316 1570 latrociniis
1330 1516 1367 1567 37

311 1663 489 1711 resonatur
538 1612 792 1689 seditionumque
812 1612 941 1673 licentia
960 1632 1066 1673 curam
1087 1614 1206 1674 habuit.
1251 1615 1318 1675 Sta

311 1737 432 1797 orm,
443 1739 473 1785 at
536 1717 640 1777 tiones
654 1717 793 1776 militum
810 1736 866 1795 per
885 1718 1014 1778 Italiam
1034 1719 1127 1779 solito
1145 1720 1317 1797 frequenti-

312 636 512 699 Suppreeeionof
1481 593 1482 654 ἢ

310 714 407 775 foreign
417 714 481 760 ritee

311 1814 442 1860 ¹¹⁰¹¹¹m<¹
489 1821 491 1827 '
537 1841 606 1881 ores
634 1822 803 1900 disposuit.
860 1824 980 1883 Romae
1007 1831 1111 1884 castre
1141 1824 1316 1899 constituit,

267 1941 295 1986 15
311 1888 402 1934 “hm
538 1927 654 2003 quibus
671 1928 887 2004 praetorianae
906 1929 1060 2003 cohortes,
1074 1947 1172 2004 vagae
1191 1935 1264 1989 ante
1283 1930 1317 1988 id

310 2038 434 2109 tempus
450 2038 481 2091 et
495 2050 550 2109 per
564 2031 703 2109 hospitia
717 2031 886 2109 dispersae,
901 2033 1146 2094 continerentur.

351 2137 524 2215 Populares
539 2137 695 2210 turnultus
714 2144 746 2197 et
766 2143 851 2197 ortos
869 2138 1053 2214 gravissime
1070 2140 1207 2199 cobrcuit
1226 2145 1258 2199 et
1277 2160 1317 2200 ne
1356 2219 1357 2229 ἵ

311 2249 473 2302 orerentur
488 2243 597 2302 sedulo
614 2242 706 2302 cavit.
750 2242 852 2303 Caede
867 2242 900 2301 in
914 2244 1039 2303 theatro
1055 2264 1111 2322 per
1127 2245 1316 2305 discordiam

218 2389 224 2402 .
311 2347 456 2422 admissa,
482 2348 587 2425 capita
615 2347 790 2407 factionum
818 2354 849 2407 et
877 2348 1056 2424 histriones,
1082 2356 1210 2427 propter
1238 2370 1316 2428 quos

265 2464 295 2508 20
311 2452 530 2526 dissidebatur,
552 2450 714 2528 relegavit,
735 2471 793 2512 nec
817 2459 854 2511 ut
881 2460 1041 2513 revocaret
1067 2473 1215 2531 umquam
1240 2455 1316 2515 ullis

311 2557 420 2635 populi
446 2556 589 2634 precibus
618 2556 722 2634 potuit
749 2556 861 2616 evinci.
912 2559 991 2619 (lum
1018 2558 1200 2619 Pollentina
1227 2560 1316 2637 plebs

311 2664 407 2722 funus
421 2662 584 2721 cuiusdam
604 2661 810 2739 primipilaris
830 2682 894 2721 non
912 2664 1001 2740 prius
1020 2681 1060 2722 ex
1078 2664 1148 2723 foro
1167 2664 1315 2740 misisset,

311 2785 404 2845 quam
419 2772 542 2826 extorta
560 2766 694 2844 pecunia
707 2785 763 2844 per
777 2767 841 2826 vim
857 2767 1024 2827 heredibus
1038 2769 1079 2827 ad
1094 2768 1316 2844 gladiatorium

311 2892 433 2947 munus,
456 2872 614 2931 cohortem
635 2871 675 2931 ab
695 2872 772 2931 urbe
793 2878 825 2931 et
845 2871 941 2931 aliam
962 2891 981 2931 a
1002 2873 1088 2933 Cotti
1107 2892 1211 2949 regn0,
1227 2874 1316 2934 dissi-

265 2992 294 3037 25
311 2978 431 3037 mulata
450 2976 574 3037 itineris
596 2996 698 3052 causa,
713 2977 846 3036 detectis
865 2983 993 3054 repente
1012 2978 1108 3038 armis
1127 2979 1316 3039 concinenti·

311 3082 430 3159 busque
451 3081 551 3157 signis
572 3100 628 3159 per
648 3082 790 3141 diversas
811 3087 918 3159 portas
939 3082 973 3140 in
997 3082 1148 3160 oppidum
1172 3083 1314 3157 immisit,

311 3206 346 3247 ac
370 3192 489 3265 partem
516 3186 665 3246 maiorem
690 3186 793 3263 plebei
817 3205 853 3246 ac
881 3187 1082 3246 decurionum
1106 3187 1139 3246 in
1164 3194 1316 3267 perpetua

310 3292 437 3352 vincula
457 3291 599 3352 coniecit.
642 3290 792 3351 Abolevit
812 3297 844 3351 et
869 3292 918 3352 ius
943 3310 1123 3370 moremque
1146 3294 1314 3372 asylorum,

310 3415 389 3474 quae
403 3415 537 3474 usquam
552 3401 651 3455 erant.
696 3395 860 3474 Cyzicenis
875 3396 908 3454 in
923 3396 1007 3456 cives
1025 3398 1187 3459 Romanos
1200 3398 1316 3458 violen-

265 3516 294 3561 ao
311 3502 374 3562 tius
405 3501 558 3578 quaedam
588 3501 674 3561 ausis
705 3500 830 3578 publice
861 3501 1040 3561 libertatem
1068 3502 1195 3577 ademit,
1221 3522 1315 3580 quam

311 3605 528 3666 Mithridatico
542 3604 626 3665 bello
640 3611 828 3665 meruerant.

351 3709 496 3770 Hostiles
509 3714 623 3785 motus,
637 3709 726 3770 nulla
744 3716 855 3788 postea
872 3711 1072 3789 expeditione
1092 3720 1246 3791 suscepta,
1260 3732 1316 3791 per
