2984 4359
291 258 333 323 36
366 270 397 322 c.
423 270 580 322 sunrom
602 270 834 333 6666661661
856 270 906 320 nn
927 270 1017 320 vrrs
1041 270 1245 322 66666666

289 440 474 503 criminatus
488 448 537 503 666
551 443 699 521 pudenda
713 441 952 521 miserandaque
967 441 1118 516 oratione,
1130 462 1201 504 cum
1216 443 1300 504 inter

290 546 353 607 alia
376 552 481 626 patres
503 547 695 626 conscriptos
719 554 908 627 precaretur,
933 548 1096 609 mitterent
1124 549 1299 609 alterume

289 651 478 728 consulibus,
493 652 548 730 qni
570 671 604 713 66
622 671 729 713 senem
748 659 782 714 et·
800 653 901 713 solum
919 653 954 712 in
970 660 1170 732 conspectum
1191 674 1298 716 eornm

289 776 360 818 cum
384 758 490 836 aliquo
518 758 649 819 militari
677 758 836 837 praesidio
860 758 1052 837 perduceret.
1097 759 1148 820 Sic
1173 781 1298 841 quoque

257 874 273 919 6
289 861 433 924 diffidens
454 862 686 941 tumultumque
703 868 854 939 metuens,
869 865 1009 925 Drusum
1031 871 1186 944 nepotem,
1203 887 1298 944 quem

287 967 424 1029 vinculis
446 968 548 1028 adhuc
569 969 687 1028 Romae
711 968 902 1045 continebat,
922 969 1012 1044 solvi,
1028 969 1057 1031 si
1076 990 1126 1031 res
1146 978 1298 1051 posceret,

288 1075 460 1152 ducemque
478 1073 628 1134 constitui
647 1080 857 1152 praeceperat.
900 1075 1030 1153 Aptatis
1049 1076 1145 1136 etiam
1163 1078 1298 1140 navibus

289 1179 329 1238 ad
356 1197 568 1257 quaecumque
596 1178 735 1256 legiones
772 1179 982 1240 meditabatur
1014 1181 1131 1257 fugam,
1160 1183 1299 1261 specula-

288 1283 413 1344 bundus
429 1302 469 1345 ex
489 1283 646 1344 altissima
663 1303 740 1363 rupe
755 1283 928 1344 identidem
948 1286 1046 1361 signa,
1062 1306 1150 1363 qnae,
1165 1307 1204 1348 ne
1221 1308 1299 1348 nun·

244 1396 273 1441 10
288 1388 327 1447 tii
353 1394 558 1464 morarentur,
587 1389 659 1450 tolli
680 1388 797 1468 procul,
825 1396 863 1449 nt
889 1389 1029 1467 quidque
1057 1391 1176 1451 factum
1203 1393 1297 1468 foret,

289 1492 500 1554 mandaverat.
542 1495 659 1555 Verum
678 1499 711 1554 et
724 1513 875 1573 oppressa
893 1496 1106 1555 coniuratione
1130 1497 1237 1557 Seiani
1252 1498 1299 1557 ni·

289 1596 356 1657 hilo
370 1599 507 1660 securior
521 1605 576 1661 666
590 1599 793 1674 constantior,
804 1618 861 1677 per
875 1618 988 1659 novem
999 1601 1158 1679 proximos
1173 1621 1302 1663 menses¹

288 1722 351 1762 non
366 1722 509 1780 egressus
524 1704 672 1778 66661116,
687 1723 768 1782 quae
782 1710 912 1764 vocatur
926 1704 1023 1766 Ionis.
1327 1686 1329 1690 Α

330 1808 474 1869 Urebant
498 1789 626 1887 insuper
650 1809 777 1869 anxiam
800 1815 936 1870 mentem
960 1810 1049 1870 varia
1068 1812 1208 1890 undique
1228 1832 1298 1873 con·
1311 1823 1351 1873 66

182 1917 184 1930 “
245 1923 274 1969 16
289 1912 380 1988 vicia,
399 1913 488 1973 nullo
510 1933 573 1973 non
592 1913 811 1974 damnatorum
832 1932 923 1974 omne
945 1915 1052 1992 probri
1074 1935 1172 1993 genus
1192 1937 1297 1978 coram

289 2061 449 2122 opprobrium
516 2018 568 2078 vel
592 2037 648 2097 per
672 2018 796 2079 libellos
824 2018 858 2078 in
882 2020 1042 2081 orchestra
1066 2022 1186 2100 positos
1214 2024 1298 2100 inge

289 2139 422 2197 cartnpon
516 2129 613 2184 rente.
654 2124 775 2219 Quibus
794 2124 922 2201 quidem
940 2125 1156 2186 diversissime
1175 2127 1299 2188 adficie

290 2211 404 2258 Tib⁰¹¹¹¹⁸
517 2230 618 2304 batur,
633 2230 725 2288 modo
743 2235 779 2288 ut
796 2247 871 2307 prae
888 2230 1007 2307 pudore
1026 2231 1135 2307 ignota
1150 2238 1183 2292 et
1196 2232 1298 2294 celata

290 2343 401 2396 cuncta
418 2339 555 2413 cuperet,
569 2353 804 2412 nonnumquam
822 2335 929 2394 eadem
948 2340 1160 2396 contemneret
1179 2344 1211 2397 et
1230 2358 1298 2417 pro

244 2451 274 2497 aa
289 2441 387 2500 ferret
398 2440 481 2500 ultro
492 2445 586 2517 atque
600 2439 753 2515 vulgaret
795 2438 878 2509 Quin
892 2445 925 2499 et
938 2440 1094 2500 Artabani
1107 2442 1296 2503 Parthorum

290 2545 372 2621 regis
394 2545 548 2607 laceratus
569 2549 617 2604 est
638 2544 764 2620 litteris,
783 2545 954 2622 parricidia
974 2550 1006 2605 et
1028 2547 1138 2606 caedes
1160 2553 1192 2607 66
1212 2548 1298 2624 igna-

290 2651 373 2710 viam
394 2656 427 2710 et
447 2650 605 2709 luxuriam
625 2648 800 2724 obicientis,
824 2650 1043 2735 monentisque
1064 2657 1100 2711 ut
1119 2652 1298 2714 voluntaria

289 2762 389 2817 morte
403 2756 540 2816 maximo
560 2755 795 2832 iustissimoque
814 2755 932 2815 civium
951 2756 1023 2816 odio
1044 2777 1138 2834 quam
1159 2759 1296 2836 primum

289 2862 510 2923 satisfaceret.
553 2861 717 2919 Postremo
738 2866 837 2920 semet
858 2862 926 2939 ipse
946 2869 1118 2939 pertaesus,
1139 2863 1198 2923 tali
1218 2864 1297 2943 epis
1310 2876 1350 2930 67

244 2984 273 3028 25
290 2968 374 3027 66166
395 2967 551 3044 principio
573 2970 697 3025 tantum
722 2984 786 3024 non
810 2984 963 3025 summam
988 2966 1141 3027 malorum
1169 2988 1296 3029 suorum

289 3073 451 3151 professus
469 3078 533 3131 est:
1202 3064 1204 3066 ¹

333 3177 414 3251 Quid
428 3179 557 3240 scribom
578 3180 669 3252 nobis,
680 3186 785 3253 potres
798 3180 964 3252 6666666616,
979 3186 1033 3236 act
1047 3197 1106 3253 quo
1123 3182 1213 3239 modo
1226 3184 1298 3240 6666

289 3286 368 3357 bam,
394 3291 446 3341 661
469 3285 542 3357 qaid
564 3285 687 3341 omnino
709 3302 770 3341 noa
793 3283 922 3341 scribom
945 3284 999 3341 boc
1021 3290 1158 3358 tempore,
1181 3287 1228 3343 dtr·
1249 3304 1297 3344 me

289 3390 419 3463 deaeque
428 3391 518 3463 peius
528 3390 658 3462 perdant
672 3406 765 3462 quom
779 3389 886 3445 cotidie
893 3390 995 3461 perire
1009 3391 1113 3462 smnio,
1128 3392 1156 3447 si
1169 3393 1238 3449 scio.

244 3506 274 3552 66
329 3492 523 3552 Existimant
538 3492 665 3568 quidam
686 3490 874 3569 [praescisse
889 3490 981 3571 haec]
1000 3510 1070 3551 enm
1086 3492 1200 3569 peritia
1213 3494 1298 3555 futu-

290 3617 395 3658 rorum
415 3596 516 3655 multo
533 3603 614 3670 ante,
630 3601 746 3672 quanta
767 3614 800 3654 se
820 3595 1008 3674 quandoque
1027 3598 1180 3659 acerbitas
1199 3605 1231 3660 66
1252 3600 1297 3659 in-

290 3702 389 3764 famia
399 3707 549 3777 maneret,
559 3699 775 3778 prospexisse3
797 3699 939 3777 ideoque,
950 3705 986 3760 ut
1000 3702 1168 3779 imperium
1179 3704 1296 3781 inierit,
