2984 4359
293 254 312 318 6
368 264 398 316 1.
425 262 582 315 sunrour
603 263 833 327 ranuomnnr
855 264 905 314 nn
925 265 1017 316 vrrs
1039 265 1243 317 cassanum

292 436 399 513 animi,
427 456 499 497 oum
526 443 559 498 et
585 435 782 515 Agrippinae
814 438 1041 499 consuetudine
1072 444 1233 500 teneretur
1264 444 1297 500 et

292 542 394 604 Iuliae
413 561 515 603 mores
533 542 739 621 improbaret,
762 548 913 620 utquam
932 543 1083 605 sensisset
1103 545 1152 605 sui
1171 564 1295 623 quoque

292 648 476 727 subpriore
500 648 614 709 marito
638 653 848 727 appetentem,
874 650 958 726 quod
982 668 1057 711 sane
1081 652 1176 712 etiam
1201 653 1296 730 vulgo

291 754 539 815 existimabatur.
583 754 645 814 Sed
666 752 875 832 Agrippinam
897 761 929 814 et
947 755 1089 831 abegisse
1108 763 1181 835 post
1196 758 1296 819 divor-

260 859 371 919 ctium
399 858 511 935 doluit,
536 865 569 919 et
592 858 688 920 semel
717 859 844 919 omnino
872 878 911 919 ex
939 878 1068 922 occursu
1092 862 1192 922 visam
1218 864 1295 923 adeo

256 981 258 984 ’
291 965 447 1026 contentis
470 971 502 1025 et
523 965 705 1025 umentibus
728 963 826 1025 oeulis
849 971 1035 1043 prosecutus
1057 972 1114 1042 est,
1136 974 1174 1027 ut
1195 974 1296 1029 custo

291 1070 393 1130 ditum
408 1070 504 1132 sitne
523 1088 673 1147 umquam
691 1069 726 1128 in
745 1075 947 1148 conspectum
966 1070 997 1130 ei
1017 1071 1148 1149 posthac
1162 1072 1293 1133 veniret.

291 1176 369 1237 Cum
384 1176 469 1237 Iulia
481 1176 583 1253 primo
601 1175 797 1235 concorditer
811 1181 843 1235 et
857 1194 961 1235 amore
976 1181 1087 1236 mutuo
1100 1177 1199 1255 vixit,
1222 1197 1295 1238 mox

291 1281 433 1358 dissedit,
456 1288 489 1341 et
513 1281 676 1359 aliquanto
700 1280 836 1357 gravius,
859 1287 895 1341 ut
919 1281 1016 1341 etiam
1037 1288 1190 1359 perpetuo
1212 1302 1296 1344 secu-

246 1393 276 1442 lo
290 1386 387 1463 baret,
410 1387 585 1463 intercepto
606 1365 782 1446 communis
804 1385 852 1445 fili
880 1386 1019 1464 pignore,
1046 1388 1101 1464 qui
1129 1388 1296 1465 Aquileiae

290 1498 384 1553 natus
404 1491 511 1551 infans
536 1492 712 1552 exstinctus
734 1497 793 1551 est.
839 1492 979 1550 Drusum
1004 1491 1136 1551 fratrem
1161 1494 1195 1552 in
1219 1495 1295 1554 Ger·

290 1597 396 1657 mania
422 1596 538 1671 amisit,
564 1596 652 1657 cuius
676 1615 798 1674 corpus,
823 1596 957 1674 pedibus
981 1601 1050 1657 toto
1074 1596 1187 1657 itinere
1209 1616 1296 1676 prae

289 1703 444 1779 grediens,
464 1703 597 1761 Romam
619 1720 718 1778 usque
738 1701 891 1779 pervexit.

330 1806 480 1868 Ciuilium
494 1805 664 1865 officiorum
679 1805 869 1866 rudimentis
883 1824 988 1882 regem
1003 1807 1194 1867 Archelaum
1209 1809 1296 1869 Tral·
1309 1816 1327 1866 8

245 1936 275 1982 15
514 1910 616 1971 lianos
637 1917 670 1970 et
688 1910 865 1986 Thessalos,
881 1910 970 1971 varia
984 1930 1124 1989 quosque
1138 1913 1177 1971 de
1192 1931 1295 1989 causa,

289 1992 445 2115 {affirm
514 2017 661 2092 Augusto
685 2022 890 2092 cognoscente
913 2016 1073 2093 defendit,
1103 2036 1161 2094 pro
1184 2018 1296 2078 Laodi-

515 2121 601 2181 cenis
617 2121 821 2199 Thyatirenis
836 2121 935 2196 Chiis,
951 2127 1052 2181 terrae
1067 2128 1155 2182 motu
1170 2122 1295 2183 afflictis

290 2244 441 2303 opemque
450 2224 700 2303 implorantibus,
711 2231 853 2286 senatum
865 2225 1050 2303 deprecatus
1058 2233 1122 2303 est,
1138 2226 1295 2288 Fannium

290 2330 487 2408 Caepionem,
502 2330 558 2408 qui
576 2350 648 2391 cum
663 2331 804 2391 Varrone
825 2331 959 2391 Murena
978 2331 1012 2390 in
1026 2332 1207 2407 Augustum
1227 2351 1296 2392 con-

244 2447 274 2493 ao
290 2435 473 2513 spiraverat,
484 2455 573 2495 reum
587 2435 764 2497 maiestatis
780 2436 864 2513 apud
879 2436 999 2496 iudices
1015 2437 1093 2496 11111
1107 2443 1140 2497 11
1154 2437 1296 2497 condem-

289 2540 386 2600 navit.
429 2542 579 2618 Interque
594 2540 670 2601 haec
684 2541 843 2619 duplicem
862 2560 968 2601 curam
985 2542 1229 2616 administravit,
1244 2561 1296 2602 an·

289 2664 389 2706 nonae
403 2665 483 2724 quae
502 2647 600 2706 artior
617 2647 780 2722 inciderat,
791 2652 823 2707 et
837 2647 1102 2724 repurgandorum
1117 2652 1186 2707 tota
1200 2647 1296 2707 Italia

290 2751 527 2827 ergastulorum,
543 2772 674 2829 quorum
689 2751 810 2811 domini
825 2752 859 2810 in
873 2752 1027 2812 invidiam
1038 2759 1190 2813 venerant
1205 2752 1295 2829 quasi

290 2863 436 2935 exceptos
458 2858 698 2935 supprimerent,
720 2876 784 2916 non
806 2857 907 2916 solum
928 2857 1065 2918 viatores
1088 2859 1143 2917 sed
1164 2863 1196 2918 et
1217 2876 1294 2935 quos

244 2978 274 3024 11
291 2962 478 3022 sacramenti
495 2968 597 3023 metus
612 2963 653 3022 ad
667 2960 733 3022 eins
748 2962 835 3022 modi
849 2962 985 3023 latebras
1001 2962 1213 3041 compulisset.

331 3066 497 3145 Stipendia
514 3066 617 3145 prima
631 3067 830 3145 expeditione
845 3068 1033 3129 Cantabrica
1050 3068 1197 3128 tribunus
1216 3067 1296 3126 mili·
1309 3074 1327 3123 9

516 3178 584 3232 tum
602 3173 689 3248 fecit,
704 3173 779 3232 dein
799 3173 893 3232 ducto
912 3173 953 3232 ad
972 3171 1134 3233 Orientem
1155 3172 1295 3232 exercitu

515 3296 646 3353 regnum
656 3277 825 3337 Armeniae
838 3277 968 3353 Tigrani
980 3277 1120 3338 restituit
1130 3296 1165 3337 ac
1175 3297 1232 3355 pro
1242 3275 1296 3337 111-

515 3381 625 3441 bunali
639 3382 786 3442 diadema
799 3381 958 3459 imposuit.
1002 3382 1135 3460 Recepit
1149 3388 1181 3442 et
1196 3382 1295 3458 signa,

245 3500 275 3548 w
291 3506 371 3564 quae
391 3489 435 3547 M.
452 3486 564 3547 Crasso
585 3488 766 3547 ademerant
786 3486 907 3546 Parthi.
950 3487 1029 3547 Post
1052 3488 1111 3547 hoc
1133 3489 1294 3548 Comatam

291 3592 428 3653 Galliam
448 3610 529 3651 anno
548 3592 615 3652 fere
632 3592 725 3667 rexit,
741 3598 774 3652 et
792 3592 993 3652 barbarorum
1016 3591 1247 3678 incursionibus
1264 3596 1296 3651 et

291 3696 470 3776 principum
484 3696 640 3757 discordia
654 3694 837 3774 inquietam.
880 3696 965 3755 Exin
978 3696 1144 3757 Raeticum
1157 3696 1297 3758 Vindeli-

290 3253 407 3313 niutuy
425 3266 491 3302 cam·

291 3329 383 3390 18ῑέ111
