2984 4359
513 274 624 324 ursan
648 273 696 325 v1.
746 271 854 323 uano.
1126 258 1189 325 107

189 467 308 507 suorum
329 446 504 507 virtutibus
525 447 620 521 Nero,
642 453 678 504 ut
699 451 805 505 tamen
827 445 906 504 vitia
926 444 1077 522 cuiusque
1098 444 1189 521 quasi

159 562 174 611 2
186 553 301 612 tradita
314 557 347 612 et
361 552 503 628 ingenita
514 549 680 610 rettulerit.
718 552 766 612 Ut
778 550 875 626 igitur
889 549 984 627 paulo
995 549 1091 609 altius
1106 567 1190 628 repe-

186 664 258 733 tam,
273 664 384 718 atavus
404 657 471 716 eius
493 658 549 717 Cn.
565 655 726 715 Domitius
746 656 780 714 in
801 655 963 715 tribunatu

186 763 385 841 pontificibus
410 762 567 836 offensior,
588 761 673 839 quod
696 760 794 820 alium
815 779 909 837 quarn
931 779 963 820 se
990 728 1179 786 ⁰¹¹·¹³⁰¹¹¹¹t¹¹¹⁸‚

187 869 218 927 in
231 868 330 946 patris
346 868 395 928 sui
412 867 515 927 locum
533 872 740 944 cooptassent,
756 865 806 927 ius
827 866 965 925 sacerdo
990 802 1155 925 §apparator
1206 883 1220 928 s

186 980 251 1033 tum
268 973 535 1049 subrogandorum
553 991 573 1032 a
592 970 732 1046 collegiis
752 971 792 1031 ad
814 970 964 1048 populum
988 953 1164 1073 dmm·

187 1078 356 1161 transtulit,
372 1083 405 1138 at
422 1078 457 1136 in
478 1076 642 1137 consulatu
664 1075 887 1153 Allobrogibus
909 1076 965 1134 Ar·

187 1184 349 1260 vernisque
378 1182 543 1260 superatis,
571 1181 740 1259 elephanto
770 1199 827 1258 per
858 1180 1050 1258 provinciam
1080 1187 1188 1242 vectus

187 1294 241 1363 est,
255 1289 349 1347 turba
362 1286 499 1347 militum
515 1286 605 1364 quasi
626 1287 708 1345 inter
728 1285 894 1345 sollemnia
913 1284 1065 1363 triumphi
1089 1306 1190 1364 prose-

187 1399 306 1470 quente.
350 1393 390 1451 In
404 1393 487 1451 hunc
504 1391 588 1451 dixit
606 1391 749 1451 Licinius
767 1391 899 1451 Crassus
919 1396 1031 1465 orator,
1046 1411 1107 1451 noa
1128 1411 1189 1450 esse
1207 1405 1235 1450 10

186 1502 370 1571 mirandum,
393 1500 473 1572 qrzod
491 1515 618 1556 caucam
635 1499 762 1556 barbam
782 1497 910 1570 haberet,
925 1499 975 1554 cui
995 1516 1028 1554 oa
1042 1499 1188 1572 ferreum,

186 1623 234 1662 cor
252 1605 427 1678 plumbeum
451 1610 533 1661 essct.
587 1601 694 1661 Huius
715 1599 802 1660 filius
824 1606 948 1678 praetor
969 1601 1002 1660 C.
1025 1602 1188 1661 Caesarem

185 1708 348 1767 abeuntem
378 1707 552 1781 consulatu,
578 1724 670 1783 quem
695 1706 847 1765 adversus
875 1705 1017 1783 auspicia
1043 1705 1190 1783 legesque

185 1813 317 1887 gessisse
340 1810 590 1886 existimabatur,
613 1812 652 1870 ad
676 1809 932 1888 disquisitionem
955 1817 1083 1871 senatus
1105 1830 1191 1871 voca·

186 1918 248 1992 vit,
285 1935 359 1976 mox
386 1916 495 1976 consul
524 1916 744 1995 imperatorem
773 1915 812 1975 ab
840 1915 1029 1976 exercitibus
1057 1916 1189 1976 Gallicis
1207 1933 1235 1978 15

185 2021 343 2082 retrahere
356 2021 534 2099 temptavit,
550 2039 772 2097 successorque
786 2020 816 2079 ei
836 2039 891 2097 per
907 2019 1077 2080 factionem
1094 2022 1191 2081 nomi-

184 2134 285 2202 natus,
314 2126 472 2205 principio
495 2126 600 2186 civilis
628 2125 715 2185 belli·
732 2126 772 2185 ad
801 2124 972 2186 Corfinium
997 2132 1108 2204 captus
1132 2132 1188 2187 est.

186 2233 278 2293 Unde
293 2231 444 2291 dimissus
459 2231 669 2292 Massiliensis
684 2230 846 2290 obsidione
863 2230 1035 2291 laborantis
1052 2250 1122 2291 cum
1140 2232 1191 2292 ad-

184 2345 280 2397 uentu
295 2356 353 2397 suo
367 2336 591 2411 confirmasset,
607 2341 735 2413 repente
750 2335 905 2409 destituit,
921 2335 1047 2413 acieque
1065 2337 1190 2397 demum

185 2441 369 2501 Pharsalica
382 2442 545 2517 occubuit;
567 2442 617 2500 vir
631 2460 732 2518 neque
749 2441 827 2500 satis
846 2447 994 2500 constans
1011 2447 1043 2500 et
1064 2441 1190 2517 ingenio
1206 2456 1236 2501 ao

184 2548 273 2621 truci,
285 2547 320 2606 in
331 2525 552 2624 desperatione·
563 2566 667 2605 rerum
681 2552 815 2605 mortem
829 2545 941 2605 timore
957 2547 1130 2624 appetitam
1145 2546 1191 2606 ita

184 2652 322 2730 expavit,
337 2658 374 2711 ut
393 2652 540 2712 haustum
557 2670 713 2711 venenum
729 2651 924 2729 paenitentia
941 2652 1113 2711 evomuerit
1131 2671 1192 2711 me-

184 2757 351 2833 dicumque
363 2756 589 2831 manumiserit,
601 2756 685 2833 quod
697 2755 758 2816 sibi
770 2756 907 2833 prudens
919 2773 954 2814 ac
970 2756 1071 2815 sciens
1086 2757 1190 2817 minus

183 2862 312 2921 noxium
336 2868 550 2939 temperasset.
600 2860 808 2921 Consultante
830 2866 934 2919 autem
960 2861 1014 2921 Cn.
1041 2861 1191 2939 Pompeio

184 2968 222 3026 de
238 2966 354 3025 mediis
373 2985 408 3025 ac
425 2972 568 3025 neutram
590 2972 712 3044 partem
734 2964 946 3042 sequentibus,
962 2965 1047 3025 solus
1068 2967 1191 3027 censuit
1207 2985 1236 3030 25

184 3071 324 3131 hostium
338 3090 469 3130 numero
483 3070 651 3130 habendos.

155 3186 171 3236 3
223 3176 369 3256 Reliquit
382 3175 487 3235 filiurn
501 3176 645 3236 omnibus
660 3175 764 3252 gentis
780 3193 853 3235 suae
868 3173 977 3253 procul
992 3176 1087 3236 dubio
1106 3196 1192 3255 prae·

184 3282 359 3341 ferendum.
421 3282 455 3341 Is
480 3281 563 3340 inter
585 3278 726 3340 conscios
750 3280 955 3340 Caesarianae
978 3281 1064 3341 necis
1086 3301 1192 3359 quam-

185 3406 278 3464 quam
301 3387 409 3446 insons
432 3387 599 3446 damnatus
619 3386 687 3461 lege
706 3385 814 3460 Pedia,
834 3404 904 3444 cum
926 3385 966 3443 ad

185 3491 329 3552 Cassium
344 3493 542 3568 Brutumque
554 3509 586 3550 se
598 3489 776 3568 propinqua
787 3489 848 3550 sibi
859 3509 968 3565 cogna-

185 3596 270 3656 tione
289 3596 414 3656 iunctos
435 3595 629 3669 contulisset,
645 3601 716 3672 post
738 3595 902 3671 utriusque
924 3594 969 3653 in-

185 3702 314 3761 teritum
339 3701 473 3761 classem
497 3699 573 3759 olim
594 3698 793 3759 commissam
814 3698 954 3774 retinuit,
976 3699 1066 3759 auxit
1086 3698 1191 3772 etiam,

993 3467 1082 3514 liero’s
1093 3470 1177 3527 great-

993 3540 1159 3601 grandfather
1208 3507 1237 3551 3⁰
