2984 4359
521 275 633 326 nrsss
656 275 704 325 v1.
759 275 864 326 nuso.
1134 265 1198 331 113

186 455 304 509 conatu
329 447 419 509 iuxta
446 447 624 509 cubiculum
652 448 720 508 eius
749 448 868 509 decidit
895 449 1061 528 ipsumque
1089 470 1197 512 cruore

188 554 347 632 respersit.
390 553 474 614 Nam
503 572 629 631 perraro
657 553 843 632 praesidere,
869 562 1004 615 ceterum
1034 556 1196 631 accubans,

188 659 297 737 parvis
318 657 455 738 primum
477 658 695 733 foraminibus,
710 658 824 719 deinde
845 664 912 719 toto
933 660 1027 738 podio
1048 661 1197 739 adaperto

189 771 331 844 spectare
345 769 517 825 consuerat.

229 870 379 932 Instituit
402 875 435 930 et
460 869 694 948 quinquennale
722 876 880 931 certamen
908 870 1029 948 primus
1057 872 1228 932 omniumr

189 977 308 1036 Romae
319 994 404 1035 more
415 976 536 1035 Graeco
546 974 674 1052 triplex,
685 974 841 1035 musicum
852 976 1031 1054 gymnicum
1043 986 1195 1053 equestre,

190 1082 273 1159 quod
287 1080 463 1160 appellavit
477 1079 633 1156 Neronia3
656 1079 872 1158 dedicatisque
888 1080 971 1141 ther·

191 1186 248 1247 mis
264 1192 360 1265 atque
371 1186 544 1264 gymnasio,
557 1185 681 1245 senatui
693 1204 817 1263 quoque
828 1193 859 1246 et
870 1187 970 1265 equiti

190 1291 293 1352 oleum
321 1291 475 1369 praebuit.
529 1290 699 1368 Magistros
727 1296 796 1350 toto
823 1292 987 1352 certamini
1015 1295 1196 1373 praeposuit

190 1396 368 1458 consulares
383 1402 476 1471 sorte,
491 1396 565 1456 sede
580 1401 768 1475 praetorum.
811 1396 934 1457 Deinde
954 1397 986 1457 in
1004 1399 1196 1460 orchestram
1213 1409 1241 1453 10

190 1507 396 1579 senatumque
417 1501 589 1572 descendit,
612 1507 644 1561 et
665 1501 816 1561 orationis
837 1502 963 1579 quidem
985 1505 1195 1582 carminisque

190 1607 295 1668 Latini
319 1626 475 1681 coronam,
498 1606 537 1666 de
561 1625 625 1685 qua
647 1606 891 1667 honestissimus
915 1607 1047 1686 quisque
1072 1616 1196 1669 conten·

189 1713 286 1785 derat,
302 1712 442 1790 ipsorum
462 1731 616 1773 consensu
636 1730 813 1772 concessam
832 1711 894 1773 sibi
910 1713 1038 1792 recepit,
1056 1714 1195 1775 citharae

188 1823 294 1878 autem
321 1837 341 1878 a
369 1816 525 1878 iudicibus
553 1816 593 1877 ad
622 1837 654 1877 se
677 1816 815 1878 delatam
830 1816 976 1877 adoravit
996 1817 1137 1896 ferrique
1152 1820 1194 1880 ad

188 1922 327 2001 Augusti
349 1928 487 1983 statuam
508 1922 608 1982 iussit.
652 1922 818 2000 Gymnico,
833 1923 917 1999 quod
934 1922 967 1982 in
986 1922 1110 2001 Saeptis
1127 1923 1195 1983 ede·
1212 1929 1240 1973 15

188 2028 251 2104 bat,
272 2028 357 2088 inter
377 2027 545 2106 buthysiae
566 2033 754 2106 apparatum
775 2028 903 2088 barbam
925 2028 1057 2106 primam
1079 2030 1194 2106 posuit,
1221 2011 1224 2017 Δ

189 2133 410 2211 conditamque
432 2134 465 2191 in
486 2151 611 2192 auream
632 2133 783 2212 pyxidem
805 2140 836 2193 et
857 2133 1095 2211 pretiosissimis
1118 2153 1195 2193 mar-

188 2238 300 2314 garitis
314 2238 496 2299 adornatam
512 2237 669 2315 Capitolio
685 2237 888 2298 consecravit.
931 2239 983 2298 Ad
1004 2238 1193 2299 athletarum

188 2342 402 2421 spectaculum
417 2342 566 2403 invitavit
581 2350 612 2402 et
623 2342 761 2420 virgines
774 2343 928 2418 Vestales,
941 2345 1015 2421 quia
1030 2343 1194 2423 Olympiae

188 2467 312 2527 quoque
327 2448 450 2509 Cereris
465 2449 677 2510 sacerdotibus
694 2457 835 2527 spectare
850 2449 1037 2509 conceditur.
1210 2461 1239 2506 au

139 2563 174 2613 13
227 2555 302 2613 Non
323 2553 481 2613 immerito
500 2554 582 2613 inter
601 2554 780 2632 spectacula
793 2555 832 2615 ab
847 2573 884 2615 eo
897 2554 984 2614 edita
996 2560 1028 2614 et
1042 2554 1194 2614 Tiridatis

188 2659 221 2719 iu
236 2661 349 2721 urbem
368 2659 532 2720 introitum
552 2660 736 2720 rettulerim.
779 2660 878 2730 Quem
892 2660 1061 2720 Armeniae
1080 2678 1194 2735 regem,

189 2766 311 2842 magnis
342 2766 623 2844 pollicitationibus
653 2767 867 2842 sollicitatum,
896 2785 967 2827 cum

187 2871 348 2932 destinato
362 2891 417 2949 per
431 2872 568 2932 edictum
583 2873 634 2933 die
648 2879 831 2934 ostensurus
851 2871 967 2950 populo
991 2847 1118 2972 {ma

186 2984 315 3057 propter
339 2977 483 3037 nubilum
512 2979 697 3054 distulisset,
727 2979 876 3057 produxit
904 2997 967 3055 quo
1211 2991 1239 3035 aa

187 3084 454 3163 opportunissime
467 3086 580 3164 potuit,
593 3084 757 3164 dispositis
769 3085 852 3145 circa
862 3084 923 3143 fori
935 3082 1055 3161 templa
1064 3081 1193 3143 armatis

187 3189 379 3264 cohortibus,
410 3190 511 3250 curuli
546 3192 687 3251 residens
721 3191 806 3269 apud
834 3196 935 3250 rostra
969 3188 1194 3267 triumphantis

996 1144 1049 1191 rue
1059 1145 1167 1192 lleronla

187 3294 309 3371 habitu,
330 3295 415 3355 iuter
436 3296 526 3372 signa
547 3296 696 3356 militaria
710 3306 805 3373 atque
821 3295 955 3370 vexilla3
978 3300 1009 3354 et
1024 3294 1125 3372 primo
1139 3314 1194 3373 per

186 3400 341 3461 devexum
364 3400 520 3479 pulpitum
545 3402 730 3462 subeuntem
752 3401 879 3461 admisit
900 3401 940 3460 ad
961 3419 1062 3476 genua
1082 3400 1195 3460 alleva
1277 3380 1282 3389 ’

186 3511 316 3585 tumque
328 3507 442 3566 dextra
452 3505 651 3566 exosculatus
662 3513 719 3580 est,
731 3506 805 3565 dein
816 3506 957 3584 precanti
968 3504 1050 3566 tiara
1060 3506 1195 3565 deducta
1211 3514 1240 3558 ³0

186 3610 333 3673 diadema
354 3609 504 3688 inposuit,
520 3610 616 3670 verba
637 3611 789 3688 supplicis
811 3611 1019 3688 interpretata
1039 3609 1195 3688 praetorio

183 3718 252 3778 viro
273 3714 476 3776 multitudini
497 3713 739 3793 pronuntiante3
762 3714 946 3793 perductum
965 3714 1041 3788 ‚inde
1059 3714 1093 3773 in
1111 3713 1196 3773 thea
