2984 4359
471 287 584 338 nmss
605 286 659 340 m.
710 286 891 339 susumus.
1143 269 1186 336 21

181 460 220 521 ad
244 465 366 522 eertum
392 478 558 521 numerum
581 459 726 522 redactis.
776 459 1012 521 Corinthiorum
1039 477 1185 520 vasorum

181 566 283 643 pretia
305 566 341 625 in
363 566 550 626 immensum
577 564 732 626 exarsisse
755 571 883 643 tresque
910 564 1026 624 mullos
1053 563 1187 641 triginta

181 672 308 734 milibus
329 691 492 731 nummum
511 671 635 732 venisse
655 670 794 747 graviter
814 688 961 749 conquas

180 783 241 853 tus,
256 776 469 838 adhibendum
480 776 675 862 supellectili
695 776 823 837 modum
836 776 959 837 censuit
984 764 1180 886 amm

180 902 399 960 annonamque
414 881 538 943 macelli
558 888 686 943 senatus
700 882 857 943 arbitratu
870 887 959 960 quot
1201 893 1217 939 c

180 987 272 1048 anuis
307 984 552 1066 temperandam,
589 986 663 1048 dato
695 987 851 1048 aedilibus
892 988 1018 1065 negotio
1054 987 1186 1067 popinas

181 1111 357 1171 ganeasque
378 1112 479 1171 usque
498 1111 535 1153 eo
551 1090 725 1167 inhibendi,
744 1099 782 1152 ut
801 1110 841 1153 ne
862 1112 957 1172 opera
977 1094 1105 1172 quidem
1125 1094 1187 1173 pia

180 1198 262 1259 toria
280 1198 414 1277 proponi
432 1197 558 1258 venalia
575 1197 722 1259 sinerent.
765 1198 809 1258 Et
829 1202 867 1258 ut
888 1199 1111 1277 parsimoniam
1132 1219 1187 1279 pu·

180 1303 295 1364 blicam
317 1303 461 1381 exemplo
482 1321 607 1381 quoque
630 1302 764 1379 iuvaret,
785 1303 989 1365 sollemnibus
1011 1304 1080 1383 ipse
1100 1305 1186 1366 cenis

181 1408 326 1486 pridiana
337 1427 429 1486 saepe
444 1426 479 1468 ac
494 1426 615 1469 semesa
625 1407 756 1468 obsonia
764 1408 913 1486 apposuit
924 1409 1187 1488 dimidiatumque
1203 1424 1233 1471 10

181 1532 300 1591 aprum,
315 1512 482 1589 affirmans,
497 1517 602 1574 omnic
615 1516 719 1574 eudem
732 1515 850 1590 habere,
865 1533 941 1590 quoe
955 1524 1056 1576 totum.

221 1618 390 1680 Cotidiana
402 1618 510 1679 oscula
523 1618 626 1679 edicto
640 1617 813 1697 prohibuit,
825 1618 902 1678 item
918 1624 1094 1681 strenarum
1108 1640 1188 1682 com·

181 1723 330 1784 mercium
347 1743 387 1784 ne
404 1723 489 1784 ultra
504 1722 578 1783 Kal.
594 1724 661 1784 Ian
677 1729 882 1784 exerceretur.
926 1725 1099 1787 Consuarat
1115 1744 1188 1805 qua·

181 1829 326 1907 druplam
354 1834 502 1905 ebenum,
525 1834 557 1889 et
584 1828 624 1889 de
652 1846 757 1904 manu,
785 1828 932 1906 reddere3
966 1831 1021 1890 sed
1049 1831 1187 1893 offensus

181 1932 377 2012 interpellari
399 1952 432 1993 se
450 1938 519 1994 toto
535 1951 642 1994 mense
661 1932 760 1993 abiis
780 1933 837 2012 qui
854 1939 1043 2013 potestatem
1064 1936 1114 1996 sui
1135 1936 1187 1997 die
1203 1952 1233 1998 re

134 2047 169 2099 35
183 2039 264 2100 festo
277 2057 341 2098 non
355 2037 548 2113 habuissent,
563 2036 649 2098 ultra
664 2057 729 2098 non
742 2038 828 2099 tulit
870 2040 1033 2101 Matronas
1055 2048 1188 2120 prostra-

182 2150 231 2205 tae
245 2142 426 2223 pudicitiae,
442 2143 556 2221 quibus
573 2150 736 2205 accusator
754 2143 906 2223 publicus¹
919 2144 1050 2223 deesset,
1065 2152 1102 2207 ut
1120 2165 1189 2227 pro·

181 2249 293 2328 pinqui
307 2267 392 2309 more
406 2249 560 2309 maiorum
575 2249 614 2309 de
628 2248 787 2309 communi
804 2250 962 2311 sententia

74 2441 76 2447 γ
182 2360 359 2415 coercerent
373 2353 563 2414 auctcrfuit.
605 2353 717 2433 Equiti
729 2355 872 2415 Romano
882 2354 961 2416 iuris
987 2330 1150 2455 {22:¹²3ssss
1262 2401 1270 2421 .

181 2460 306 2520 iurandi
323 2459 456 2536 gratiam
476 2457 563 2534 fecit,
577 2478 707 2520 uxorem
727 2458 762 2518 in
783 2466 893 2538 stupro
914 2479 962 2537 ge
1203 2476 1234 2522 co

148 2579 153 2584 ’
180 2565 248 2625 ueri
269 2569 461 2643 compertam
481 2563 667 2640 dimitteret,
683 2583 778 2642 quam
800 2584 834 2625 se
853 2584 1025 2643 numquam
1046 2568 1189 2646 repudia·

181 2677 288 2730 turum
301 2674 375 2729 ante
388 2669 555 2730 iuraverat
596 2669 746 2730 Feminae
760 2670 955 2745 famosaque
969 2672 1010 2733 ad
1023 2673 1187 2734 evitandas

181 2775 286 2852 legum
300 2793 417 2854 poenas
437 2774 505 2834 iure
524 2792 559 2834 ac
579 2773 735 2850 dignitate
754 2775 921 2836 matronali
941 2777 1186 2854 exsolverentur,

182 2880 373 2941 lenocinium
386 2879 528 2959 profiteri
546 2885 721 2958 coeperant,
736 2885 770 2940 et
785 2900 824 2941 en
842 2879 1006 2941 iuventute
1022 2883 1188 2961 utriusque

183 2986 301 3048 ordinis
329 2984 604 3065 profligatissimus
637 2986 781 3063 quisque,
809 3005 872 3065 quo
900 2986 1004 3047 minus
1032 2987 1067 3046 in
1094 3001 1234 3066 opereat

183 3110 312 3153 scaenae
334 3090 531 3168 harenaeque
555 3090 677 3150 edenda
700 3095 828 3151 senatus
852 3090 996 3152 consulto
1019 3098 1187 3169 teneretur,
1270 3164 1272 3167 ¹

182 3198 296 3259 famosi
310 3196 422 3258 iudicii
434 3203 542 3257 notam
557 3203 668 3275 sponte
683 3196 849 3273 subibant;
871 3211 924 3257 eos
939 3215 1053 3274 easque
1071 3216 1188 3275 omnes,

182 3324 220 3366 ne
241 3305 326 3385 quod
347 3304 505 3381 refugium
526 3303 560 3363 in
581 3303 639 3364 tali
659 3303 773 3363 fraude
794 3303 941 3381 cuiquam
962 3312 1054 3380 esset,
1076 3303 1189 3365 exsilio
1243 3301 1246 3310 ’

183 3412 308 3472 adiecit.
355 3410 498 3472 senatori
518 3408 620 3470 latum
639 3409 763 3470 clevum
785 3410 912 3486 ademit,
928 3428 998 3470 oum
1015 3414 1187 3486 cognosset,

184 3517 240 3578 sub
255 3516 331 3578 Kal.
348 3514 409 3576 Iul.
425 3513 616 3591 demigrasse
635 3513 669 3573 in
687 3513 804 3589 hortos,
820 3532 881 3592 quo
896 3514 991 3575 vilius
1011 3523 1084 3594 post
1104 3515 1188 3575 diem
1204 3528 1235 3575 ec

183 3623 273 3686 aedes
294 3622 330 3682 in
351 3620 428 3680 urbe
449 3621 642 3681 conduceret.
686 3618 796 3678 Alium
813 3625 846 3679 et
862 3627 1031 3697 quaestura
1044 3622 1189 3696 removit,

184 3728 263 3805 quod
281 3741 417 3788 uxerem
437 3722 541 3802 pridie
560 3723 758 3785 eortitmnem
779 3723 906 3785 ductam
926 3722 1080 3803 postridie
1102 3744 1190 3804 repu-
