2984 4359
520 276 632 327 amna
654 276 703 327 vn
757 275 864 328 unae.
1132 260 1196 325 125

192 448 333 509 omnibus
347 467 453 509 rerum
471 448 699 526 verborumque
713 447 913 510 contumeliis
927 453 1083 509 mortuum
1100 448 1197 508 insec

190 558 273 613 tatus
295 558 355 629 est,
374 553 469 613 medo
490 553 647 614 stultitiae
666 553 759 613 modo
777 553 928 614 saevitiae
949 571 1083 630 arguens
1093 577 1101 628 3
1118 571 1195 620 ‚nam

190 664 220 717 et
237 662 355 717 morari
373 677 443 718 eum
463 661 573 718 decim
594 662 673 718 iuter
690 660 826 718 homiues
843 657 996 735 producta
1014 657 1117 735 prima
1135 658 1196 736 syl·

164 749 166 752 ’
189 762 259 823 laba
279 763 451 839 iocabatur,
472 762 634 841 multaque
656 763 783 823 decreta
807 768 839 822 et
864 763 1044 836 constituta,
1067 768 1102 822 ut
1123 762 1196 823 insi·

189 867 303 946 pientis
325 865 421 947 atque
441 867 545 944 deliri,
563 887 621 946 pro
642 867 742 929 irritis
761 867 888 943 habuit3
910 867 1046 946 denique
1066 869 1224 930 bustums

189 973 253 1033 eius
267 973 453 1051 consaepiri,
469 973 530 1033 nisi
544 972 659 1033 humili
674 973 799 1051 levique
814 973 958 1048 maceria,
973 972 1121 1049 neglexit,

226 1079 449 1139 Britannicum
471 1098 535 1138 non
559 1080 664 1139 minus
688 1077 898 1139 aemulatione
922 1078 1017 1153 vocis,
1039 1096 1120 1155 quae
1144 1078 1194 1138 illi

188 1184 353 1244 iucundior
372 1185 571 1263 suppetebat,
588 1203 682 1262 quam
704 1190 792 1245 metu
812 1203 852 1244 ne
873 1203 968 1262 quan·

187 1290 288 1367 doque
309 1290 394 1367 apud
415 1289 577 1349 hominum
596 1290 728 1367 gratiam
754 1295 887 1368 paterna
906 1308 967 1350 me·

186 1395 284 1455 moria
294 1393 500 1473 praevaleret,
512 1413 632 1455 veneno
646 1395 813 1471 adgressus
827 1401 884 1456 est.
927 1395 1017 1467 Quod
1031 1401 1192 1474 acceptum
1210 1408 1239 1453 1o

186 1519 205 1561 a
230 1500 366 1578 quadam
395 1500 541 1576 Locusta,
574 1519 765 1560 venenorum
797 1501 951 1561 variorum
982 1500 1093 1576 indiae,
1121 1519 1192 1561 cum

186 1605 332 1683 opinione
358 1605 481 1665 tardius
502 1605 635 1681 cederet,
655 1612 765 1666 ventre
786 1606 880 1666 modo
901 1605 1078 1667 Britannici
1098 1612 1192 1683 moto,

186 1710 368 1771 accersitam
391 1710 554 1770 mulierem
580 1730 637 1772 sua
657 1729 753 1772 manu
774 1711 951 1772 verberavit
972 1730 1114 1788 arguens,
1136 1731 1193 1790 pro

184 1834 306 1875 veneno
326 1815 498 1876 remedium
525 1816 669 1893 dedisse;
700 1817 935 1894 excusantique,
957 1817 1061 1877 minus
1083 1817 1192 1877 datum

185 1921 224 1981 ad
247 1919 469 1981 occultandam
493 1921 643 1983 facinoris
668 1921 831 1996 invidiam,
857 1921 941 1982 Sane
970 1921 1074 1999 inquit
1101 1925 1193 2000 lepem
1210 1938 1238 1983 rt

104 2070 107 2075 -
185 2029 299 2086 Iulium
312 2028 424 2086 timeo!
444 2026 606 2105 coegitque
625 2046 658 2087 se
672 2045 777 2087 coram
796 2027 830 2086 in
849 2026 993 2087 cubiculo
1011 2046 1106 2105 quam
1125 2046 1193 2105 pos-

185 2136 232 2191 set
253 2130 490 2191 velocissimum
510 2150 545 2192 ac
570 2138 830 2210 praesentaneum
854 2150 1002 2210 coquere3
1025 2131 1138 2192 deinde
1159 2133 1192 2192 in

183 2236 284 2297 haedo
311 2241 470 2314 expertus,
495 2243 662 2315 postquam
692 2239 719 2298 is
747 2238 886 2315 quinque
912 2237 1005 2297 horas
1027 2237 1191 2315 protraxit,

183 2341 298 2401 iterum
316 2359 352 2401 ao
371 2341 497 2420 saepius
516 2347 673 2402 recoctum
692 2342 831 2420 porcello
851 2343 980 2416 obiecit,
1002 2360 1066 2419 quo
1084 2342 1191 2403 statim

182 2446 371 2521 exanimato,
391 2446 506 2506 inferri
529 2447 563 2506 in
584 2446 759 2507 triclinium
781 2448 912 2525 darique
937 2449 1062 2507 cenanti
1088 2466 1192 2507 secum
1208 2460 1238 2505 ac

182 2551 368 2612 Britannico
376 2551 553 2630 imperavit,
590 2554 633 2612 Et
643 2572 712 2613 cum
725 2553 977 2631 illeadprimum
987 2558 1113 2628 gustum
1124 2571 1193 2612 con·

181 2656 323 2731 uidisset,
334 2656 488 2717 comitiali
503 2657 611 2718 morbo
621 2676 660 2716 ex
676 2658 902 2718 consuetudine
916 2662 1094 2735 correptum
1108 2659 1192 2736 apud

182 2761 332 2823 convivas
347 2762 527 2838 ementitus,
542 2770 668 2842 postero
682 2763 734 2823 die
746 2764 859 2842 raptim
873 2763 956 2822 inter
970 2762 1123 2822 maximos
1137 2764 1192 2822 im·

182 2869 252 2928 bres
266 2867 427 2929 tralaticio
440 2869 557 2930 extulit
570 2871 689 2930 funere.
733 2871 887 2930 Locustae
902 2887 958 2946 pro
972 2872 1088 2927 navata
1098 2886 1192 2945 opera

182 2973 406 3052 impunitatem
425 2974 615 3053 praediaque
637 2974 753 3053 ampla,
775 2974 829 3034 sed
850 2980 882 3033 et
904 2971 1077 3051 discipulos
1093 2973 1189 3032 dedit.
1207 2989 1237 3034 at

135 3090 169 3141 ³4
221 3081 369 3153 Matrem,
392 3079 478 3140 facta
502 3081 648 3158 dictaque
673 3100 730 3142 aua
755 3080 971 3158 exquirentem
996 3077 1138 3139 acerbius
1159 3084 1191 3138 et

182 3185 400 3262 corrigentem,
415 3186 567 3247 haetenus
589 3187 690 3264 primo
709 3187 898 3263 gravabatur
915 3188 951 3241 ut
968 3182 1091 3243 invidia
1107 3183 1191 3244 iden·

182 3292 278 3351 tidem
298 3297 451 3366 oneraret,
467 3293 557 3370 quasi
574 3312 717 3353 cessurus
735 3293 867 3371 imperio
881 3291 964 3351 Rho

183 3398 321 3476 dumque
346 3397 498 3473 abiturus,
523 3417 596 3458 mox
624 3404 656 3457 et
680 3397 796 3458 honore
818 3399 903 3458 omni
932 3404 963 3458 et
989 3371 1128 3508 {¹23ss

183 3509 340 3583 potestate
368 3503 516 3580 privavit,
541 3503 737 3581 abductaque
765 3502 900 3562 militum
931 3510 964 3564 et
1208 3519 1236 3564 ³0

185 3610 415 3670 Germanorum
443 3608 586 3682 statione,
615 3608 819 3667 contubernio
847 3626 971 3686 quoque
1002 3627 1038 3669 ac
1067 3609 1192 3669 Palatio

184 3714 324 3792 expulit3
361 3732 463 3790 neque
491 3712 525 3771 in
549 3713 728 3772 divexanda
753 3713 918 3790 quicquam
947 3713 1037 3791 pensi
1070 3714 1190 3790 habuit,
1303 3763 1308 3780 ,

992 1249 1154 1298 Britannicas
