2984 4359
405 284 518 336 arnna
542 286 577 338 v.
628 285 742 337 nwus
766 284 960 338 caeculus.
1124 269 1188 336 103

185 476 275 534 quarn
297 456 520 535 ineleganter3'
539 457 615 517 item
640 457 794 519 Ciceronis
817 460 1022 533 defensionem
1043 458 1188 516 edoceas

185 564 274 621 Asc'rn'
300 563 384 624 Galli
408 564 501 622 libror
525 562 604 623 satis
628 562 794 623 eruditam.
845 562 953 622 Novas
985 561 1079 621 etiam
1109 580 1188 621 corn-

184 674 305 728 mentus
344 673 393 728 est
430 666 554 728 litteras
588 674 662 743 tres,
692 686 728 728 ao
764 686 894 727 numero
925 672 1065 727 veterum
1096 667 1186 745 quasi

183 772 317 834 maxime
345 772 538 833 necessarias
567 773 708 848 addidit,
740 772 780 832 de
807 791 940 849 quarum
967 772 1088 833 ratione
1115 791 1184 832 oum

182 879 323 957 privatus
351 877 454 938 adhuc
484 877 630 938 volumen
659 878 819 953 edidisset,
850 897 922 937 mox
950 877 1095 956 princeps
1123 894 1217 939 nont

182 983 348 1044 difficulter
371 983 509 1043 obtinuit
529 989 566 1043 ut
589 983 622 1042 in
646 1003 706 1043 usu
728 1002 851 1061 quoque
874 982 1050 1061 promiscuo
1072 988 1184 1043 essent.

181 1090 296 1149 Exstat
311 1087 387 1148 talis
405 1088 562 1166 scriptura
579 1087 613 1147 in
631 1087 791 1166 plerisque
810 1086 901 1148 libris
918 1106 955 1147 ac
974 1085 1095 1149 diurnis
1114 1087 1187 1147 titu-

181 1194 283 1272 lisque
304 1212 441 1272 operum.

133 1307 171 1357 42
220 1300 289 1359 Nec
311 1299 432 1358 minore
456 1318 531 1359 eura
552 1299 673 1360 Graeca
696 1299 803 1359 studia
823 1305 949 1359 secutus
969 1303 1028 1373 est,
1049 1317 1186 1359 amorem

183 1404 469 1482 praestantiamque
483 1403 610 1480 linguae
624 1404 785 1464 occasione
796 1403 882 1463 omni
896 1422 964 1481 pro
988 1445 1111 1494 „mn-on
1120 1448 1148 1494 to
1203 1416 1232 1461 10

182 1511 294 1571 fessus.
338 1509 471 1571 Ouidam
494 1509 626 1570 barbaro
647 1509 766 1569 Graece
789 1527 824 1568 ae
849 1509 962 1568 Latine
988 1518 1166 1569 anakunn-

183 1614 348 1676 disserenti
360 1615 437 1676 Occu
447 1613 850 1692 utroque,inquit,aerncooe
861 1622 962 1673 contro
987 1596 1045 1642 *ω’

183 1726 222 1780 ne
243 1728 395 1797 porotcs;
427 1726 460 1780 et
487 1719 521 1779 in
549 1719 797 1780 commendanda
827 1718 969 1797 patribus
1001 1718 1186 1797 conscriptis

182 1826 311 1900 Achaia,
325 1834 446 1903 motam
460 1828 519 1885 cibi
533 1829 726 1901 procinctam
741 1825 786 1885 ait
800 1828 1004 1884 communium
1017 1826 1186 1883 stadiorum

183 1934 375 2004 commercio;
397 1949 433 1990 ao
453 1948 546 2009 saepe
569 1930 603 1989 in
623 1936 735 1990 senatu
755 1929 867 2005 legatis
882 1935 1034 2007 perpetua
1048 1929 1186 1989 oratione
1204 1938 1232 1983 15

182 2036 352 2114 respondit.
395 2035 535 2096 Multum
554 2054 629 2096 vero
650 2054 706 2113 pro
728 2033 879 2095 tribunali
898 2034 992 2094 etiam
1008 2034 1186 2094 Homericis

129 2191 133 2211 ,
182 2141 304 2202 locutus
321 2147 371 2202 est
384 2141 536 2201 versibus.
579 2140 730 2211 Quotiens
753 2139 880 2217 quidem
901 2139 1024 2200 hostem
1041 2138 1093 2199 vel
1113 2138 1187 2199 insi·

182 2246 333 2308 diatorem
353 2246 440 2307 ultus
460 2251 552 2321 esset,
568 2244 744 2306 excubitori
763 2244 891 2304 tribuno
911 2244 1034 2320 signum
1048 2244 1087 2304 de
1102 2263 1186 2305 more

182 2352 324 2429 poscenti
336 2370 402 2411 non
415 2357 532 2412 temere
546 2349 633 2410 aliud
649 2350 745 2425 dedit,
761 2368 871 2427 quarn:

305 2507 403 2587 'Acdp'
417 2507 620 2585 ἀπαμύνασθαι,
636 2508 684 2567 ὅτι
698 2532 740 2571 τις
754 2506 889 2585 πρότερος
903 2507 1056 2587 χαλεπήνῃ.
1189 2489 1233 2560 ⁸20

220 2672 367 2749 Denique
394 2675 427 2730 et
454 2670 590 2731 Graecas
625 2669 753 2747 scripsit
785 2669 942 2745 historias,
972 2668 1187 2748 Tyrrhenicon

182 2776 307 2853 viginti,
317 2775 591 2837 Carchedoniacon
605 2779 683 2835 octo.
723 2775 861 2845 Quarum
876 2793 969 2835 causa
983 2774 1082 2834 veteri
1093 2774 1188 2834 Alex-

114 2944 117 2949 ,
173 2881 311 2941 andriae
337 2882 448 2940 Museo
473 2880 658 2941 Claudieum
685 2880 827 2940 additum
853 2879 1017 2957 exipsius
1042 2880 1185 2956 nomine;

183 2985 430 3063 institutumque
447 2990 485 3045 ut
504 2985 673 3062 quotannis
692 2985 726 3043 in
747 2985 846 3045 altero
867 2984 1083 3062 Tyrrhenicon
1102 2985 1186 3061 libri,

183 3090 216 3149 in
238 3091 339 3151 altero
362 3089 633 3151 Carchedoniacon
658 3090 769 3151 diebus
792 3090 920 3151 statutis
938 3090 1025 3151 velut
1047 3090 1079 3149 in
1102 3091 1188 3152 audi·
1203 3103 1232 3148 ao

135 3208 170 3260 4³
183 3195 264 3255 torio
278 3195 486 3256 recitarentur
500 3195 560 3255 toti
574 3215 593 3255 a
608 3195 741 3270 singulis
757 3215 812 3273 per
826 3195 919 3255 vices.

224 3301 290 3361 Sub
300 3300 388 3361 exitu
399 3302 483 3362 vitae
498 3302 588 3377 signa
599 3302 761 3378 quaedam,
773 3320 830 3360 nec
844 3300 984 3377 obscura,
996 3303 1187 3380 paenitentis

185 3406 223 3465 de
248 3406 449 3468 matrimonio
473 3405 668 3484 Agrippinae
696 3407 796 3483 deque
824 3407 960 3467 Neronis
986 3449 1174 3509 Repentinu-

185 3511 351 3588 adoptione
367 3512 505 3572 dederat.
541 3510 712 3588 Siquidem,
724 3530 962 3571 commemoran-
986 3521 1133 3583 negenite

185 3616 271 3678 tibus
298 3616 423 3678 libertis
451 3635 488 3677 ao
515 3615 716 3677 laudantibus
741 3615 960 3691 cognitionem,
987 3597 1126 3657 mmm
1204 3635 1231 3680 au

186 3742 247 3802 qua
273 3722 378 3802 pridie
406 3721 563 3799 quandam
588 3719 737 3782 adulterii
763 3739 846 3781 ream
875 3721 1106 3795 condemnarat,
1131 3723 1190 3780 sibi
