2984 4359
474 281 586 331 mssa
610 280 662 331 111.
713 278 895 330 marmus.
1148 263 1188 328 31

183 453 255 513 inde
276 453 310 512 in
330 453 523 529 obiurgando
542 452 706 531 appellans
726 470 798 512 eum
816 454 909 530 πηλὸν
924 452 1021 526 αἵματι
1033 448 1190 527 redempt

183 585 229 621 νον
246 557 297 637 [id
312 566 362 618 est
376 557 478 617 lutum
493 577 512 618 a
526 557 677 634 sanguine
692 557 910 637 maceratum]
955 555 1016 615 Sed
1027 553 1190 631 aliquanto

183 663 282 739 magis
302 664 337 722 in
359 662 501 741 principe
520 662 631 737 eluxit,
646 661 744 721 etiam
768 661 852 720 inter
873 660 967 721 initia

634 766 639 778 ,
887 765 893 776 ,
942 765 947 775 ,
992 724 1103 771 Fontes

183 789 252 830 oum
275 769 378 828 adhuc
401 768 539 827 favorem
556 767 719 827 hommum
741 765 967 826 moderatronrs
994 796 1162 859 emmens

183 875 386 936 simulatione
418 879 566 951 captaret.
617 873 772 947 Sourram,
800 871 855 949 qui
883 889 968 949 prae·
995 874 1110 933 merny
1120 874 1170 920 πᾶ
1206 888 1222 934 a

183 987 327 1041 tereunte
366 980 477 1039 funere
514 977 597 1038 clare
636 985 758 1037 mortuo
792 977 967 1052 mandarat,
994 949 1094 1007 ‘mm

184 1093 220 1146 ut
234 1086 397 1145 nuntiaret
420 1084 575 1160 Augusto,
600 1087 735 1144 nondum
761 1086 848 1142 reddi
875 1085 971 1160 legato
998 1104 1075 1160 quae
1093 1087 1193 1161 plebei

184 1195 359 1267 reliquisset,
376 1190 552 1250 adtractum
570 1188 610 1249 ad
631 1208 664 1249 se
683 1187 821 1265 recipere
840 1187 981 1247 debitum
1004 1189 1137 1266 ducique
1152 1190 1192 1250 ad

185 1295 375 1374 supplicium
396 1294 573 1373 imperavit,
589 1301 622 1353 et
643 1292 726 1372 patri
748 1311 804 1352 suo
826 1311 935 1353 verum
957 1295 1082 1354 referre.
1125 1296 1192 1354 Nec

185 1402 285 1461 multo
306 1405 379 1479 post
403 1399 437 1459 in
463 1404 575 1459 senatu
599 1398 751 1476 Pompeio
773 1397 897 1458 cuidam
922 1398 1022 1476 equiti
1050 1399 1193 1459 Romano
1210 1410 1238 1455 10

185 1506 336 1584 quiddam
365 1504 559 1583 perneganti,
588 1503 663 1563 dum
691 1502 819 1563 vincula
850 1503 998 1578 minatur,
1026 1503 1193 1564 affirmavit

185 1612 261 1686 fore,
277 1620 310 1670 ct
324 1630 360 1670 ec
378 1612 524 1685 Pompeio
541 1611 748 1684 Pompeianus
760 1611 850 1685 fieret
864 1609 975 1669 acerba
993 1608 1192 1669 cavillatione

186 1716 279 1777 simul
299 1715 436 1775 hominis
451 1733 566 1774 nomeu
586 1713 745 1773 incessens
761 1719 965 1791 veterumque
980 1714 1118 1791 partium
1132 1714 1194 1774 for-

137 1830 172 1881 te
185 1829 302 1882 tunam.
347 1820 413 1881 Sub
427 1820 509 1880 idem
524 1825 659 1897 tempus,
671 1817 853 1878 consulente
869 1824 1010 1895 praetore
1025 1839 1065 1879 an
1077 1819 1194 1879 iudicia

185 1929 360 1990 maiestatis
384 1927 453 2003 oogi
476 1926 606 2001 iuberet,
625 1926 814 1986 exercendas
835 1944 904 1985 esse
926 1926 1011 2002 leges
1030 1926 1194 2005 respondit
1210 1935 1238 1980 1⁶

184 2040 216 2094 et
234 2033 430 2095 atrocissime
453 2031 602 2092 exercuit.
647 2031 777 2091 Statuas
797 2030 925 2108 quidam
945 2031 1081 2107 Augusti
1099 2038 1193 2110 caput

184 2140 372 2217 dempserat,
395 2144 430 2197 ut
452 2136 582 2197 alterius
603 2135 796 2213 imponeret3
825 2141 895 2196 acta
915 2155 964 2195 res
979 2136 1010 2195 in
1026 2142 1138 2197 senatu
1152 2142 1192 2212 et,

185 2244 259 2323 quia
280 2242 505 2319 ambigebatur,
521 2259 577 2319 per
597 2246 756 2300 tormenta
774 2241 918 2317 quaesita
937 2248 993 2301 est.
1036 2242 1194 2302 Damnato

185 2368 236 2409 reo
255 2347 411 2427 paulatim
433 2366 531 2423 genus
549 2345 724 2406 calumniae
741 2364 779 2404 eo
795 2346 956 2423 processit,
971 2352 1008 2405 ut
1026 2345 1102 2406 haec
1122 2366 1194 2425 quo

185 2474 245 2532 que
263 2452 414 2531 capitalia
435 2456 556 2512 essent:
583 2451 665 2514 circa
684 2451 824 2526 Augusti
846 2449 1047 2511 simulacrum
1067 2472 1194 2513 servum
1209 2464 1238 2509 ao

185 2558 345 2633 cecidisse,
361 2557 551 2617 vestimenta
572 2560 719 2631 mutasse,
734 2574 863 2615 nummo
881 2556 932 2615 vel
951 2557 1045 2616 anulo
1060 2557 1192 2634 effigiem

186 2663 370 2741 impressam
393 2662 527 2722 latrinae
548 2666 604 2721 aut
622 2660 768 2738 lupanari
785 2660 942 2736 intulisse,
958 2662 1075 2721 dictum
1093 2661 1192 2722 ullum

185 2768 345 2828 factumve
364 2767 432 2827 eius
453 2766 686 2827 existimatione
701 2765 809 2843 aliqua
826 2765 964 2827 laesisse.
998 2767 1099 2853 l’eriit
1110 2768 1195 2827 deni·

186 2872 342 2951 queatis,
358 2872 413 2950 qui
435 2872 584 2931 honorem
607 2872 640 2931 in
661 2871 784 2931 colonia
800 2891 857 2932 sua
875 2872 983 2932 eodem
998 2872 1049 2931 die
1066 2872 1192 2932 decerni

186 2978 245 3038 sibi
260 2996 372 3056 passus
388 2984 446 3053 est,
465 2996 526 3055 quo
541 2977 659 3037 decreti
674 2983 706 3037 et
720 2977 866 3053 Augusto
880 2978 956 3036 olim‘
972 2982 1070 3037 erant.
1207 2998 1237 3044 25

138 3091 172 3140 59
226 3083 331 3143 Multa
352 3083 515 3161 praeterea
535 3083 637 3162 specie
658 3083 824 3159 gravitatis
848 3101 883 3143 ac
907 3102 970 3142 mo

186 3206 255 3247 rum
284 3188 546 3265 corrigendorum,
572 3188 685 3249 sedet
714 3189 814 3264 magis
838 3195 968 3249 naturae
994 3142 1134 3264 {flamm

186 3292 413 3371 obtemperans,
432 3295 480 3354 ita
501 3313 593 3354 saeve
623 3300 656 3354 et
677 3295 825 3355 atrociter
846 3295 969 3355 faotita
994 3292 1098 3351 mint

187 3399 241 3473 vit,
259 3405 296 3459 ut
320 3400 466 3461 nonnulli
490 3400 654 3461 versiculis
679 3420 803 3479 quoque
827 3406 860 3460 et
884 3420 969 3479 prae·
994 3366 1109 3415 ribertus

188 3504 289 3565 sentia
322 3506 548 3585 exprobrarent
579 3511 611 3565 et
642 3507 753 3567 futura
783 3506 1005 3566 denuntiarent
1037 3506 1136 3566 mala:
1208 3520 1237 3565 30

267 3654 367 3730 Asper
381 3663 409 3713 et
424 3657 558 3726 immitis,
573 3655 699 3713 breviter
713 3658 759 3712 vis
773 3657 876 3713 omnio
891 3658 990 3712 dicem
1005 3656 1019 3713 t

306 3760 496 3836 Dispeream,
511 3761 539 3816 si
552 3767 579 3817 te
592 3766 689 3818 mater
701 3778 807 3820 umore
814 3768 920 3836 potest.
