2984 4359
420 272 531 322 01000
555 274 588 324 v,
642 274 755 324 mvus
778 275 972 328 00000100.
1155 266 1194 330 91

176 442 302 517 pariter
326 462 398 503 cum
421 444 516 520 vulgo
537 464 611 505 voce
633 446 804 524 digitisque
830 456 1018 523 numeraret,
1043 469 1080 510 ao
1104 469 1197 530 saepe

176 545 343 608 hortando
358 550 558 626 rogandoque
575 552 616 610 ad
634 551 825 612 hilaritatem
847 553 988 614 homiues
1006 563 1196 632 provocaret,

177 652 332 714 dominos
346 655 520 714 identidem
535 657 708 734 appellans,
724 658 878 718 immixtis
897 659 1054 719 interdum
1072 661 1197 737 frigidis

177 765 210 817 et
233 761 400 820 arcessitis
422 761 516 836 iocis;
539 751 642 839 qualis
664 769 712 823 est
733 770 769 823 ut
790 783 859 823 oum
883 764 1069 824 Palumbum
1094 773 1199 843 postu·

177 862 330 926 lantibus
345 871 489 926 daturum
504 888 534 926 00
549 869 702 945 promisit,
714 863 746 927 ’οἰ
760 879 864 945 captur
878 880 959 929 00001.
1005 869 1090 929 Illud
1106 872 1198 948 plane
1213 885 1227 928 n

178 973 392 1046 quantumvis
411 972 578 1032 salubriter
596 980 628 1033 et
644 974 677 1033 in
692 980 849 1052 tempore:
873 994 943 1034 oum
960 975 1127 1051 essedario,
1142 996 1198 1055 pro

179 1094 246 1151 quo
270 1084 420 1154 quattuor
442 1077 501 1136 filii
522 1079 778 1156 deprecabantur,
794 1098 908 1155 magno
929 1080 1068 1139 omnium
1090 1080 1198 1141 favore

158 1220 163 1228 .
181 1178 376 1241 indulsisset
397 1182 515 1256 rudem,
532 1182 673 1242 tabidam
693 1180 781 1240 1111οο
801 1181 890 1241 misit
908 1182 1080 1243 admonens
1103 1203 1200 1263 popu-

181 1282 263 1360 lum,
279 1294 394 1360 quanto
413 1304 500 1361 opere
518 1288 627 1345 liberos
645 1289 794 1362 uwcipere
813 1289 936 1361 deberet,
951 1305 1026 1363 quoa
1043 1289 1155 1347 uideret
1171 1296 1199 1347 et

183 1388 355 1462 gladiatori
368 1392 527 1464 praesidio
544 1393 719 1465 gratiaeque
738 1408 807 1447 eme.
850 1388 962 1448 Edidit
979 1394 1011 1448 et
1028 1389 1062 1447 in
1080 1390 1198 1449 Martio
1214 1404 1241 1449 lu

185 1509 300 1570 earnpo
322 1494 587 1570 expugnationem
609 1493 880 1570 direptionemque
902 1492 1011 1570 oppidi
1032 1494 1073 1553 ad
1090 1493 1197 1569 imagi-

185 1616 261 1656 nem
286 1598 433 1657 bellicam
458 1604 490 1657 et
514 1597 705 1657 deditionem
730 1598 914 1657 Britanniae
939 1617 1056 1674 regum,
1077 1617 1197 1677 praese·

187 1702 301 1780 ditque
329 1703 507 1781 paludatus
556 1704 638 1774 Quin
663 1709 695 1762 et
719 1702 891 1763 emissurus
916 1703 1069 1763 Fucinum
1093 1704 1195 1764 lacum

188 1808 410 1867 naumachiam
432 1814 504 1867 ante
533 1808 699 1868 commisit.
742 1808 804 1867 Sed
832 1826 903 1866 cum
930 1808 1195 1886 proclamantibus

188 1913 445 1987 naumachiariis,
482 1915 572 1973 Have
607 1918 779 1989 imperator,
815 1917 956 1972 mouture·
987 1923 1013 1973 te
1044 1916 1196 1973 00101001]
1213 1932 1241 1977 lo

188 2018 414 2095 respondisset,
443 2019 508 2077 Aut
531 2022 613 2077 uou!
649 2036 750 2095 neque
775 2023 847 2096 post
871 2018 951 2078 hano
972 2037 1080 2078 vocem
1104 2020 1195 2097 quasi
1238 2092 1241 2098 ,

190 2123 283 2182 venia
304 2123 379 2182 data
400 2122 566 2199 quisquam
587 2122 737 2182 dimicare
759 2122 865 2197 vellet,
887 2122 942 2182 diu
969 2129 1134 2185 cunctatus
1156 2143 1196 2184 an

99 2226 103 2233 '
189 2227 291 2288 omnis
313 2228 380 2304 igni
401 2227 547 2304 ferroque
569 2228 755 2302 absumeret,
770 2228 898 2288 tandem
919 2246 936 2287 e
957 2229 1030 2288 sede
1052 2248 1109 2289 sua
1128 2249 1196 2309 pro-

191 2333 279 2392 siluit
301 2352 337 2392 ac
359 2352 415 2411 per
438 2333 590 2392 ambitum
615 2332 702 2393 10000
717 2351 779 2391 000
800 2332 867 2392 0100
887 2333 981 2393 foeda
995 2334 1195 2394 vacillatione

191 2438 377 2512 (1100000000,
399 2437 514 2514 partim
536 2438 686 2497 minando
706 2438 823 2514 partim
845 2437 1041 2497 adhortando
1061 2439 1102 2499 ad
1122 2460 1196 2518 pug·
1211 2455 1241 2500 ao

190 2561 262 2601 nam
276 2541 438 2620 compulit.
480 2544 550 2602 Hoc
571 2542 750 2620 spectaculo
768 2541 879 2602 0100010
899 2542 1004 2602 Sicula
1023 2549 1055 2604 et
1070 2544 1197 2605 Rhodia

190 2654 421 2723 concurrerunt,
443 2650 658 2708 duodenarum
679 2649 856 2708 triremium
879 2649 1030 2725 singulae,
1053 2651 1195 2711 exciente

190 2754 303 2814 bucina
316 2754 446 2813 Tritone
463 2759 621 2828 argenteo,
636 2753 691 2830 qui
709 2753 844 2813 emedio
862 2752 933 2813 lacu
948 2773 1003 2832 per
1017 2756 1194 2816 machinam

190 2865 365 2920 emerserat.

141 2977 176 3030 22
228 2964 390 3035 Quaedam
411 2964 494 3024 eirca
517 2964 722 3024 caerimonias
751 2964 938 3042 civilemque
967 2972 999 3025 et
1026 2966 1193 3027 militarem
1211 2988 1241 3033 00

188 3087 314 3144 morem,
332 3068 409 3128 item
430 3069 514 3129 circa
534 3070 673 3128 omnium
696 3068 842 3128 ordinum
863 3076 981 3130 statum
1000 3071 1085 3131 domi
1105 3072 1196 3133 ioris·

188 3193 248 3252 que
269 3180 325 3233 aut-
346 3174 491 3248 correxit,
507 3180 563 3233 aut
584 3174 707 3234 exoleta
730 3173 898 3250 revocavit,
914 3180 971 3235 aut

187 3279 283 3340 etiam
312 3298 394 3338 nova
422 3271 594 3338 instituit'
623 3280 661 3338 In
696 3280 879 3357 cooptandis
914 3300 970 3358 per

187 3383 321 3461 collegia
343 3384 558 3444 sacerdotibus
578 3385 737 3444 neminem
758 3384 822 3445 nisi
847 3385 968 3445 iuratus

187 3490 381 3565 nominavit3
407 3489 649 3567 observavitque
675 3490 793 3565 sedulo,
815 3495 860 3565 ut,
887 3490 1032 3568 quotiens
1057 3497 1141 3552 terra
1162 3491 1195 3550 10
1211 3510 1241 3557 aa

187 3596 262 3655 urbe
278 3594 438 3669 movisset,
454 3580 551 3654 ferias
565 3595 719 3655 advocata
733 3595 878 3655 contione
892 3600 1017 3672 praetor
1031 3595 1194 3671 indiceret,

188 3708 293 3777 utque,
316 3699 386 3759 dira
409 3717 466 3758 ave
491 3698 524 3757 in
547 3698 704 3777 Capitolio
724 3698 802 3775 visa,
825 3700 998 3760 obsecratio
1019 3700 1194 3774 haberetur,

995 3257 1059 3303 Civil
1075 3259 1124 3305 and
1140 3259 1196 3305 roli-

995 3332 1068 3391 gioue
1078 3331 1184 3381 reforma
