2984 4359
299 284 340 347 2'0
375 296 404 347 o.
432 295 587 347 suarem
610 295 840 359 1111111111
863 296 912 347 nr
933 297 1024 347 vrrs
1047 283 1250 349 1111111111

299 485 359 544 que
387 467 426 527 de
453 465 630 528 tribuendis
652 466 841 544 quibusdam
869 467 1060 529 militaribus
1082 469 1173 530 donis
1201 470 1243 530 ad
1270 488 1304 531 se

298 572 461 647 referrent,
489 572 580 649 quasi
615 591 677 632 non
710 571 852 632 omnium
886 573 1122 633 tribuendorum
1157 573 1220 652 ipsi
1254 575 1303 636 ius

298 677 458 738 haberent.
499 678 680 737 Praetorem
690 677 901 752 conlaudavit,
913 679 997 755 quod
1011 677 1127 738 bonore
1142 678 1222 739 inito
1235 698 1305 740 con·

299 783 496 843 suetudinem
520 782 682 860 antiquam
707 782 870 843 retulisset
891 783 931 843 de
958 783 1128 844 maioribus
1156 784 1222 845 suis
1246 804 1304 863 pro

267 886 442 947 scontione
467 887 667 948 memorandi.
720 888 924 957 Quorundam
944 887 1118 949 illustrium
1137 889 1303 967 exsequias

298 1011 397 1070 usque
411 993 451 1052 ad
466 1012 576 1069 rogum
590 992 815 1070 frequentavit.

337 1099 450 1158 Parem
464 1097 709 1158 moderationem
727 1098 900 1159 minoribus
915 1117 1038 1177 quoque
1057 1103 1090 1159 et
1109 1100 1252 1179 personis
1271 1106 1304 1161 et

297 1205 390 1264 rebus
425 1202 578 1263 exhibuit.
635 1203 714 1263 Cum
749 1203 946 1263 Rhodiorum
978 1203 1192 1281 magistratus,
1220 1206 1304 1283 quod

298 1308 421 1369 litteras
455 1307 598 1386 publicas
633 1308 701 1369 sine
736 1308 966 1386 subscriptione
1000 1309 1041 1368 ad
1077 1327 1110 1369 se
1142 1309 1302 1384 dederant,

253 1427 282 1473 10
297 1420 466 1489 evocasset,
486 1434 525 1475 ne
547 1415 642 1475 verbo
663 1414 792 1493 quidem
813 1415 987 1476 insectatus
1007 1434 1043 1475 ac
1065 1421 1190 1476 tantum
1211 1416 1303 1476 modo

296 1520 398 1580 iussos
422 1519 615 1580 subscribere
638 1519 770 1580 remisit.
812 1520 970 1596 Diogenes
991 1520 1223 1597 grammaticus,
1242 1521 1303 1582 dis·

296 1631 406 1703 putare
434 1624 573 1684 sabbatis
600 1622 707 1684 Rhodi
735 1624 857 1700 solitus,
885 1625 1064 1685 venientem
1095 1643 1176 1702 eum,
1204 1631 1242 1686 ut
1269 1646 1302 1688 se

297 1736 387 1791 extra
406 1730 546 1790 ordinem
571 1729 703 1806 audiret,
724 1750 789 1789 non
812 1730 983 1791 admiserat
1006 1749 1043 1791 ac
1066 1747 1122 1809 per
1144 1732 1303 1792 servolum

297 1855 388 1895 suum
409 1835 443 1895 in
463 1834 633 1913 septimum
654 1834 737 1895 diem
759 1835 927 1896 distulerat
936 1859 945 1912 3
969 1836 1054 1896 hunc
1076 1837 1203 1913 Romae,
1222 1836 1303 1898 salu·

251 1952 280 1998 11
295 1940 386 2002 tandi
413 1941 462 2001 sui
490 1959 584 2000 causa
611 1960 669 2018 pro
695 1940 817 2001 foribus
845 1941 1032 2017 adstantem,
1056 1940 1137 2001 nihil
1165 1942 1301 2020 amplius

296 2065 390 2124 quam
404 2051 441 2105 ut
454 2051 527 2123 post
541 2045 711 2123 septimum
730 2065 847 2105 annum
867 2046 984 2106 rediret
997 2046 1169 2107 admonuit.
1210 2047 1303 2108 Prae·

296 2151 417 2213 sidibus
436 2151 609 2211 onerandas
625 2149 745 2211 tributo
764 2149 941 2229 provincias
957 2151 1159 2212 suadentibus
1174 2151 1303 2230 rescrip

297 2258 348 2332 sit,
364 2262 434 2318 beai
448 2261 584 2333 pastoris
597 2276 658 2316 1111
673 2260 794 2318 tondere
809 2277 987 2334 1111111111
1000 2260 1161 2335 deplubcrc.

336 2361 494 2423 Paulatim
509 2361 683 2440 principem
699 2361 846 2437 exseruit,
861 2362 1082 2441 praestititque
1103 2361 1165 2422 etsi
1178 2362 1300 2423 varium
1315 2373 1353 2424 33

251 2474 281 2519 2⁰
296 2511 405 2560 orarum
522 2467 586 2542 diu,
621 2467 861 2528 commodiorem
896 2474 1003 2527 tamen
1037 2467 1161 2546 saepius
1192 2475 1228 2529 et
1259 2469 1301 2529 ad

296 2581 456 2641 1111111111
471 2579 497 2628 of
522 2571 677 2633 utilitates
712 2572 854 2651 publicas
883 2572 1069 2651 proniorem.
1121 2573 1169 2632 Ac
1200 2573 1301 2651 primo

297 2656 461 2717 '⁰⁷⁶¹'th
523 2684 652 2738 eatenus
687 2678 927 2753 interveniebat,
955 2696 995 2737 11
1029 2677 1106 2754 quid
1138 2695 1300 2756 perperam

297 2782 394 2842 fieret.
429 2783 542 2861 Itaque
553 2790 585 2844 11
595 2783 837 2844 constitutiones
852 2788 980 2844 senatus
995 2783 1147 2860 quasdam
1162 2783 1300 2860 rescidit,
1369 2868 1371 2872 ¹

297 2893 329 2947 et
343 2888 580 2966 magistratibus
597 2910 653 2968 pro
671 2890 824 2952 tribunali
843 2888 1101 2967 cognoscentibus
1116 2888 1301 2966 plerumque

251 3007 281 3052 ac
298 3012 331 3053 se
354 2994 503 3055 offerebat
525 2996 737 3057 consiliarium
760 2996 979 3074 assidebatque
1000 2995 1114 3055 iuxtim
1136 2995 1188 3055 vel
1208 2995 1302 3056 exad-

297 3118 423 3160 versum
436 3101 469 3160 in
484 3108 573 3180 parte
587 3103 733 3181 primori3
757 3110 790 3164 et
807 3104 835 3163 si
853 3123 946 3182 quem
962 3122 1086 3164 reorum
1102 3101 1185 3164 elabi
1199 3101 1303 3179 gratia

297 3226 403 3267 rumor
422 3215 513 3284 esset,
529 3210 653 3271 subitus
670 3211 780 3271 aderat
796 3210 977 3287 iudicesque
996 3215 1052 3270 aut
1070 3227 1087 3268 1
1102 3207 1197 3286 plano
1215 3214 1302 3268 aute

298 3314 486 3390 quaesitoris
501 3316 652 3377 tribunali
665 3316 771 3393 legum
790 3322 823 3376 et
841 3316 1002 3393 religionis
1017 3322 1049 3375 et
1062 3333 1171 3390 noxae,
1187 3315 1225 3375 de
1239 3333 1303 3393 qua

298 3427 527 3498 cognoscerent,
541 3422 746 3498 admonebat;
768 3427 863 3500 atque
877 3423 983 3497 etiam,
998 3421 1026 3482 si
1042 3440 1106 3500 qua
1118 3420 1153 3480 iu
1166 3420 1301 3499 publicis

252 3533 283 3581 ³⁰
298 3528 435 3589 moribus
460 3526 582 3588 desidia
603 3532 659 3588 aut
682 3527 766 3588 mala
789 3526 1014 3588 consuetudine
1036 3527 1189 3602 labarent,
1210 3525 1303 3587 corri-
1333 3517 1335 3520 ’

270 3681 273 3686 ⁴
298 3632 555 3710 gendasuscepit.
583 3633 962 3693 Ludcrumacmunerum
972 3631 1131 3711 impensas
1139 3631 1302 3711 corripuit,
1315 3635 1356 3688 34

298 3736 495 3799 mercedibus
516 3736 726 3798 scaenicorum
750 3736 859 3799 recisis
879 3736 1069 3817 paribusque
1092 3736 1302 3817 gladiatorum
