2984 4359
319 247 361 313 l8
394 259 425 312 c,
448 258 605 311 surroru
627 258 857 320 rsauoumm
880 260 930 309 na
952 260 1042 309 viru
1065 259 1266 312 cossanum

317 449 388 491 men
411 432 591 510 assumpsit
635 431 749 492 Infans
771 437 878 491 autem
900 430 1029 492 relictus
1052 451 1071 492 a
1091 437 1189 510 patre,
1208 452 1244 493 ac
1266 453 1318 511 per

316 554 408 597 omne
423 537 489 596 fere
504 536 658 615 pueritiae
674 543 770 614 atque
788 536 1019 596 adulescentiae
1040 543 1165 615 tempus
1179 538 1274 599 variis
1288 545 1317 598 et

316 641 479 703 tenacibus
494 642 611 702 morbis
626 640 824 701 conflictatus
838 647 896 716 est,
911 642 989 702 adeo
1008 648 1043 701 ut
1061 642 1167 703 animo
1180 643 1274 704 simul
1288 650 1318 703 et

315 766 443 826 corpore
458 747 614 828 hebetato,
629 764 668 806 ne
684 765 849 825 progressa
863 746 991 824 quidem
1005 753 1108 808 aetate
1121 747 1181 807 ulli
1195 749 1318 826 publico

284 852 503 932 sprivatoque
528 852 650 912 muneri
681 850 797 913 habilis
830 851 1073 912 existimaretur.
1129 852 1194 913 Diu
1226 859 1317 931 atque

315 958 412 1019 etiam
426 964 498 1036 post
512 957 644 1018 tutelam
660 962 817 1035 receptam
832 956 929 1017 alieni
943 956 1066 1017 arbitrii
1085 963 1117 1017 et
1136 958 1195 1018 sub
1211 960 1318 1037 paeda

316 1083 395 1141 gogo
409 1064 489 1140 fuit3
511 1081 605 1150 qupm
624 1062 791 1123 barbarum
808 1069 841 1122 et
857 1062 931 1122 olim
952 1062 1265 1140 superiumentarium
1280 1082 1317 1123 ex

316 1168 474 1230 industria
494 1167 555 1229 sibi
576 1168 767 1247 appositum,
783 1173 818 1227 ut
840 1184 873 1228 se
894 1166 1142 1246 quibuscumque
1159 1169 1198 1229 de
1218 1169 1317 1230 causis

315 1292 409 1352 quam
424 1273 607 1335 saevissime
621 1278 785 1347 coerceret,
800 1272 868 1351 ipse
883 1272 1018 1350 quodem
1035 1272 1145 1333 libello
1162 1259 1318 1351 conqueri·

270 1395 300 1441 ιο
315 1384 375 1439 tur.
411 1378 459 1440 Ob
474 1378 554 1438 hanc
569 1379 700 1439 eandem
714 1377 928 1438 valetudinem
940 1383 971 1438 et
982 1377 1169 1456 gladiatorio
1183 1395 1317 1453 munere,

316 1484 401 1562 quod
414 1483 507 1545 simul
523 1502 592 1543 cum
604 1484 704 1544 fratre
716 1483 884 1543 memoriae
895 1482 995 1561 patris
1006 1482 1127 1558 edebat,
1139 1483 1318 1561 palliolatus

315 1607 490 1649 novomore
498 1589 675 1667 praesedit;
694 1595 727 1648 et
737 1595 828 1664 togae
839 1587 941 1649 virilis
952 1587 1097 1648 diecirca
1107 1589 1243 1649 mediam
1254 1608 1319 1649 noc·

315 1700 378 1754 tem
393 1694 460 1754 sine
475 1693 620 1755 sollemni
638 1693 739 1754 officio
758 1693 871 1753 lectica
891 1693 926 1752 in
946 1693 1138 1771 Capitolium
1159 1693 1243 1754 latus
1263 1700 1316 1754 est

314 1798 503 1877 Disciplinis
516 1804 622 1859 tamen
637 1798 821 1860 liberalibus
836 1799 876 1859 ab
890 1803 994 1859 aetate
1008 1798 1110 1876 prima
1127 1818 1189 1859 non
1206 1800 1346 1860 mediol

270 1917 299 1963 15
314 1922 397 1963 crem
411 1922 538 1981 operam
551 1904 640 1964 dedit
659 1922 695 1964 ac
714 1922 807 1982 saepe
828 1903 1043 1982 experimenta
1059 1903 1210 1982 cuiusque
1225 1904 1318 1964 etiam

314 2007 498 2086 publicavit.
546 2009 663 2069 Verum
686 2027 725 2069 ne
748 2008 794 2069 sic
815 2009 944 2086 quidem
964 2008 1134 2086 quicquam
1155 2008 1319 2086 dignitatis

314 2113 440 2189 assequi
454 2118 510 2173 aut
524 2131 611 2192 spem
626 2115 665 2175 de
679 2132 713 2175 se
726 2113 968 2174 commodiorem
984 2113 1019 2173 in
1038 2120 1198 2192 posterum
1216 2115 1319 2175 facere

314 2217 426 2296 potuit.

354 2323 458 2383 Mater
478 2322 619 2385 Antonia
635 2333 808 2401 portentum
828 2343 896 2384 eum
917 2326 1048 2384 beluinis
1068 2323 1246 2400 dictitabat,
1267 2345 1320 2385 uec

269 2443 299 2489 ao
314 2430 483 2487 absolutum
504 2448 525 2489 a
545 2438 667 2502 nutura,
688 2433 741 2489 sed
762 2438 880 2489 tuutrlm
901 2431 1091 2503 incolatum
1120 2448 1155 2489 ac
1177 2430 1205 2490 si
1227 2449 1319 2508 quem

542 2534 701 2594 socordiae
715 2539 869 2610 argueret,
885 2536 1049 2594 stultiorem
1067 2534 1170 2595 aiebat
1180 2539 1252 2611 filio
1266 2557 1319 2596 suc

314 2623 484 2746 wolffg
544 2638 681 2699 Claudio.
726 2638 811 2698 Avia
831 2638 977 2715 Augusta
1001 2658 1057 2716 pro
1081 2640 1319 2717 despectissimo

314 2774 356 2821 Μ,
365 2711 457 2833 family
542 2762 664 2821 semper
677 2742 798 2816 habuit,
813 2762 877 2803 non
891 2743 981 2804 effari
996 2744 1058 2804 nisi
1073 2744 1242 2819 rarissime,
1257 2766 1318 2805 non

541 2868 667 2908 monere
687 2848 750 2908 nisi
771 2849 882 2908 acerbo
902 2853 934 2907 et
955 2848 1043 2907 brevi
1058 2849 1177 2927 scripto
1190 2856 1246 2911 aut
1265 2869 1319 2929 per

269 2976 298 3022 rs
315 2954 527 3016 internuntios
549 2953 651 3014 solita.
694 2954 787 3013 Soror
806 2952 925 3012 Liuilla
939 2972 1009 3012 oum
1027 2953 1168 3014 audisset
1185 2956 1320 3032 quando

316 3079 376 3138 que
395 3060 630 3138 imperaturum,
644 3064 710 3118 tam
728 3056 872 3134 iniquam
891 3063 1006 3117 ettam
1025 3058 1188 3136 indignam
1204 3066 1320 3120 sortem

316 3163 424 3242 populi
439 3162 574 3223 Romani
588 3162 692 3240 palam
706 3166 740 3221 et
754 3160 836 3221 clare
854 3162 1012 3222 detestata
1028 3169 1085 3222 est.
1127 3165 1211 3223 Nam
1226 3184 1321 3225 avun-

316 3267 405 3329 culus
427 3267 526 3328 maior
549 3267 713 3343 Augustus
736 3265 813 3342 quid
836 3266 875 3325 de
897 3285 934 3326 eo
956 3267 988 3326 in
1010 3274 1174 3345 utramque
1198 3276 1321 3347 partem

317 3372 463 3450 opinatus
485 3372 536 3447 sit,
559 3391 621 3449 quo
642 3370 760 3431 certius
785 3376 999 3447 cognoscatur,
1023 3373 1129 3450 capita
1156 3393 1195 3433 ex
1220 3375 1320 3454 ipsius

271 3494 302 3540 eo
316 3475 462 3556 epistulis
476 3476 582 3553 posui:
1311 3533 1314 3539 .

361 3582 528 3643 Collocutus
551 3599 619 3640 sum
642 3598 711 3639 culn
739 3580 866 3653 Tiberio,
887 3589 920 3640 ut
943 3584 1105 3657 mandasti,
1127 3603 1196 3644 ulcu
1219 3587 1351 3662 Liuio,4

317 3689 392 3762 quid
409 3687 510 3760 nepoti
528 3693 578 3743 tuo
601 3686 721 3744 Tiberio
734 3686 915 3758 socielldum
928 3694 1002 3745 esset
1015 3688 1096 3746 ludis
1116 3689 1321 3752 Martialibus.
