2984 4359
302 263 366 328 114
404 275 434 327 c.
454 274 611 326 surr-orn
628 273 857 337 ramorum
879 275 929 325 na
951 275 1042 325 vrrs
1062 274 1264 326 cassanen

300 456 385 508 trum
405 467 441 509 ac
462 468 570 509 rursus
591 448 822 526 supplicantem
841 447 934 508 iuxta
950 466 983 508 se
1001 448 1100 508 latere
1114 448 1226 508 dextro
1240 467 1307 508 con·

300 554 425 614 locavit
480 553 530 614 Ob
563 571 643 631 quae
675 554 845 631 imperator
878 551 1105 628 consalutatus,
1133 552 1242 614 laurea
1274 554 1306 612 in

300 658 491 737 Capitolium
505 658 580 735 lata,
596 659 708 718 Ianum
727 658 887 733 geminum
905 658 1028 733 clausit,
1044 664 1206 736 tamquam
1221 658 1306 719 nullo
1319 670 1355 720 14

300 766 424 825 residuo
437 764 528 825 bello.

268 886 284 928 5
339 870 528 932 Consulatus
539 877 689 947 quattuor
698 869 810 946 gessit:
830 868 966 947 primum
978 870 1191 945 bimenstrem,
1204 891 1306 931 secun·

525 975 640 1035 dumet
655 974 861 1035 novissimum
877 982 1076 1051 semenstres,
1091 977 1220 1037 tertium
1236 996 1307 1055 qua

526 1080 761 1154 drimenstrem;
784 1079 904 1140 medios
921 1080 1000 1140 duos
1018 1082 1225 1158 continuavit,
1239 1081 1306 1142 reli-

299 1203 378 1262 quos
397 1183 479 1244 inter
497 1204 602 1245 annua
619 1185 724 1262 spatia
742 1185 886 1245 variavit.
930 1188 970 1245 In
988 1186 1065 1247 iuris
1081 1188 1219 1248 dictione
1240 1207 1306 1265 pos
1319 1201 1354 1252 11

299 1289 498 1365 tulatoribus,
513 1290 575 1350 nisi
594 1290 738 1367 sequenti
757 1290 810 1349 die
827 1309 863 1350 ac
883 1310 938 1369 per
952 1291 1086 1367 libellos,
1107 1312 1171 1352 non
1190 1300 1305 1353 temere

255 1407 284 1450 10
364 1479 370 1489 ο
527 1395 697 1474 respondit.
740 1395 955 1472 Cognosoendi
973 1416 1092 1457 morem
1107 1417 1180 1458 eum
1193 1399 1305 1472 tenuit,

298 1479 465 1600 &mm
527 1507 572 1577 ut,
587 1501 746 1561 continuis
764 1501 941 1561 actionibus
968 1503 1102 1578 omissis,
1120 1503 1306 1580 singillatim

526 1624 668 1684 quaeque
689 1625 745 1684 per
766 1606 851 1666 vices
872 1614 986 1682 ageret.
1030 1607 1182 1678 Quotiens
1201 1620 1305 1669 autem

298 1711 338 1771 ad
353 1711 594 1772 consultandum
612 1711 780 1786 secederet,
795 1731 896 1789 neque
912 1713 1123 1773 incommune
1138 1714 1306 1791 quicquam

298 1836 399 1893 neque
415 1816 577 1895 propalam
594 1815 797 1890 deliberabat,
813 1817 868 1876 sed
887 1818 1081 1896 conscriptas
1101 1820 1142 1879 ab
1158 1839 1222 1879 uno
1235 1839 1307 1897 quo

254 1935 282 1977 15
298 1940 358 1998 que
368 1921 541 1982 sententias
552 1921 668 1981 tacitus
682 1940 720 1981 ac
731 1928 851 1981 secreto
863 1921 979 1998 legens,
993 1923 1078 2000 quod
1089 1924 1151 2001 ipsi
1161 1923 1306 1984 libuisset

298 2026 427 2104 perinde
438 2033 533 2103 atque
547 2024 690 2104 pluribus
706 2026 790 2085 idem
806 2026 967 2090 videretur
982 2029 1216 2106 pronuntiabat.

338 2132 378 2190 In
392 2132 510 2191 curiam
520 2129 740 2191 libertinorum
752 2130 835 2192 filios
847 2131 902 2192 diu
916 2152 978 2191 non
994 2134 1140 2209 admisit3
1158 2135 1306 2196 admissis

297 2256 317 2296 a
333 2236 488 2315 prioribus
509 2236 704 2315 principibus
726 2236 860 2296 honores
882 2238 1057 2313 denegavit.
1103 2239 1305 2314 Candidatos,

297 2342 352 2419 qui
381 2360 477 2420 supra
502 2360 666 2401 numerum
698 2349 812 2416 essent,
836 2343 870 2400 in
900 2342 1051 2402 solacium
1080 2343 1243 2406 dilationis
1270 2365 1306 2405 ac

251 2456 281 2500 2⁰
296 2466 400 2507 morae
418 2447 592 2523 legionibus
613 2448 804 2525 praeposuit.
849 2447 1053 2508 Consulatum
1077 2449 1110 2507 in
1132 2469 1224 2510 senos
1244 2452 1306 2529 ple

296 2570 428 2630 rumque
438 2571 561 2612 menses
573 2553 668 2612 dedit.
706 2553 926 2629 Defunctoque
943 2553 1025 2612 circa
1040 2553 1113 2613 Kal.
1126 2555 1194 2613 Ian.
1206 2557 1306 2615 altero

296 2677 313 2717 e
334 2657 524 2733 oonsulibus,
546 2658 704 2718 neminem
725 2658 899 2730 substituit,
923 2657 1103 2735 improbans
1126 2661 1304 2739 exemplum

296 2771 387 2824 vetus
401 2764 516 2825 Canini
530 2764 636 2824 Rebili
650 2782 713 2822 nno
727 2764 779 2823 die
793 2762 939 2822 consulis.
985 2763 1207 2842 Triumphalia
1219 2785 1306 2826 orna

295 2876 403 2930 menta
416 2870 512 2930 etiam
527 2870 723 2947 quaestoriae
740 2869 907 2944 dignitatis
921 2874 954 2927 et
969 2868 1131 2929 nonnullis
1145 2890 1185 2929 ex
1199 2890 1306 2949 eques

250 2988 280 3032 25
295 2976 337 3036 tri
366 2976 475 3035 ordine
502 2975 624 3050 tribuit,
652 2993 708 3034 nec
735 2975 846 3051 utique
876 2973 914 3032 de
943 2992 1038 3033 causa
1063 2974 1203 3034 militari.
1257 2979 1305 3037 De

295 3081 482 3159 quibusdam
497 3081 590 3140 rebus
605 3080 762 3140 orationes
776 3080 816 3139 ad
831 3085 975 3139 senatum
995 3079 1117 3154 missas,
1133 3082 1305 3158 praeterito

295 3186 470 3265 quaestoris
502 3185 611 3260 officio,
638 3204 694 3263 per
726 3184 886 3244 consulem
921 3184 1105 3263 plerumque
1141 3186 1303 3248 recitabat

295 3295 440 3353 Formam
455 3291 667 3351 aedificiorum
685 3289 772 3349 urbis
788 3308 902 3348 novam
919 3290 1119 3365 excogitavit,
1135 3297 1168 3350 et
1181 3297 1219 3351 ut
1233 3298 1305 3351 ante
1319 3307 1355 3358 lo

295 3398 416 3460 insulas
443 3416 480 3457 ao
507 3398 615 3455 domos
642 3395 781 3472 porticus
810 3400 924 3468 essent,
950 3395 989 3454 dc
1018 3415 1150 3471 quarum
1181 3397 1305 3458 solariis

250 3512 280 3556 30
294 3502 441 3563 incendia
453 3506 651 3575 arcerentur-3
674 3517 788 3575 casque
810 3505 936 3576 sumptu
959 3519 1016 3559 suo
1035 3503 1202 3563 exstruxit
1247 3505 1306 3563 De·

296 3609 430 3669 stinarat
443 3607 539 3666 etiam
558 3605 649 3666 Ostia
666 3610 759 3663 tenus
779 3603 904 3662 moenia
923 3622 1103 3680 promovere
1118 3613 1216 3684 atque
1232 3609 1307 3671 inde

295 3714 382 3772 fossa
395 3729 480 3770 mare
495 3708 595 3769 veteri
610 3707 680 3767 urbi
694 3707 851 3766 inducere.

299 1039 449 1087 Commta
