2984 4359
313 284 376 349 104
413 294 444 345 c.
468 293 625 345 murum
643 294 873 358 russorum
892 297 943 347 nr
960 297 1052 347 vrrs
1070 297 1274 349 carssnurr

311 487 427 544 quoqu
456 469 1314 547 insutiseoeehctavitonaio'inpudimaednon

310 578 462 649 {rapum
484 578 700 646 marinoni&
721 582 755 633 et
775 574 911 634 subinde
930 575 1057 635 obvim
1078 576 1140 636 sibi
1158 576 1315 636 Britanni-

309 698 382 738 cum
392 679 493 739 artius
503 679 685 757 complexus
696 679 843 740 hortatus
853 687 913 755 est,
922 691 954 740 ut
963 692 1103 741 cmm
1111 686 1314 758 rationemque

309 806 329 845 o
343 789 683 860 &castamserram
698 789 863 861 πέμπω
883 788 1004 847 Graeca
1016 787 1147 865 insuper
1158 806 1234 847 voce
1248 807 1315 865 pro

264 911 279 954 5
309 897 453 951 secutus:
475 893 617 969 ὅτρόως
631 894 676 951 ml
690 896 807 952 ἰάσεται.
848 892 991 970 Cumque
1006 891 1129 971 impubi
1145 898 1314 969 teneroque

308 997 421 1072 adhuc,
436 996 564 1074 qnando
582 1003 704 1057 statura
722 997 929 1076 permitteret,
946 1007 1052 1073 togam
1071 997 1147 1057 darc
1164 997 1316 1057 destinae

309 1109 366 1176 set,
381 1102 513 1162 adiecit:
536 1104 703 1164 &tandm
716 1105 850 1178 populu
863 1104 1140 1163 Bonorum
1155 1103 1315 1163 Oomrem

308 1210 423 1268 babeat.
459 1209 532 1267 Xon
541 1207 703 1285 multoque
710 1215 1014 1285 posttestamentum
1023 1208 1120 1267 etiam
1128 1208 1362 1285 conscripsittt

308 1356 431 1403 Μ
446 1359 476 1403 α
535 1330 571 1371 ac
591 1312 691 1387 signis
705 1313 847 1371 omnium
865 1314 1107 1388 magistratuum
1126 1313 1313 1389 obsignarit

264 1434 294 1479 lo
308 1431 462 1491 muana
475 1428 504 1476 et
536 1417 630 1476 Prius
648 1416 745 1492 igitur
758 1436 855 1495 quam
868 1418 955 1477 ultra
966 1418 1215 1495 progrederetur,
1230 1435 1316 1495 prae-

308 1506 448 1565 ΛΜΨ
535 1528 651 1581 ventus
666 1528 716 1581 est
734 1522 775 1581 ab
790 1522 976 1600 Agrippina,
991 1541 1086 1599 quarn
1100 1529 1226 1600 praeter
1239 1522 1314 1582 baec

308 1626 500 1687 conscientia
513 1645 647 1705 quoqne,
661 1645 719 1686 nec
732 1627 839 1687 minus
852 1627 1009 1687 delatores
1025 1627 1198 1687 multorum
1215 1627 1316 1687 crimi-

307 1752 381 1792 num
398 1733 578 1808 arguebant

349 1840 391 1897 Et
405 1857 526 1897 veneno
539 1837 666 1915 quidem
682 1837 819 1897 occisum
833 1838 998 1912 convenit3
1018 1837 1073 1897 nbi
1087 1844 1191 1897 antem
1209 1844 1243 1898 et
1260 1856 1315 1915 per

263 1968 292 2012 ιδ
309 1962 400 2020 qnem
415 1943 500 2018 dato,
514 1943 680 2019 discrepat
723 1942 858 2012 Quidam
875 1942 1014 2016 tradunt,
1029 1942 1174 2020 epulanti
1190 1943 1225 2001 in
1246 1961 1314 2003 arce

308 2068 379 2108 cum
404 2047 618 2107 sacerdotibus
646 2066 702 2124 per
725 2046 880 2106 Halotum
908 2047 1079 2124 spadonem
1103 2052 1316 2125 praegustato

308 2173 391 2229 rem;
419 2152 486 2227 alii,
510 2151 683 2211 domestico
709 2151 856 2210 convivio
883 2171 938 2229 per
964 2152 1067 2229 ipsam
1093 2152 1314 2230 Agrippinam,

307 2278 387 2337 qnae
402 2257 542 2318 boletum
556 2257 746 2316 medicatum
765 2256 951 2316 avidissimo
971 2257 1111 2318 ciborum.
1131 2256 1245 2316 talium
1266 2258 1316 2318 ob

307 2365 433 2425 tulerat.
489 2362 594 2421 Etiam
628 2361 668 2420 de
699 2361 963 2439 subseqnentibus
990 2362 1117 2422 diversa
1142 2362 1231 2422 fama
1257 2369 1313 2422 cst

261 2483 295 2528 a)
308 2469 405 2530 Multi
426 2468 535 2528 statim
557 2467 670 2528 hausto
688 2485 811 2525 veneno
830 2466 1024 2526 obmutuisse
1045 2466 1144 2543 aiunt,
1162 2468 1316 2527 excrucia

211 2603 214 2608 ¹
307 2583 437 2652 tumque
470 2572 630 2632 doloribus
660 2579 752 2631 nocte
782 2577 850 2631 tota
883 2571 1037 2632 defecisse
1071 2591 1169 2650 prope
1203 2571 1313 2633 lucem.

307 2677 463 2742 Nonnulli
487 2679 571 2738 inter
593 2677 687 2737 initia
710 2677 917 2753 consopitum,
938 2676 1053 2736 deinde
1078 2677 1148 2737 cibo
1168 2677 1316 2738 affluente

307 2786 484 2849 evomuisse
501 2784 615 2858 omnia,
633 2782 864 2860 repetitumque
886 2781 1001 2858 toxico,
1015 2782 1171 2842 incertum
1191 2782 1316 2862 pultine

307 2894 425 2967 addito,
451 2910 522 2951 cum
546 2889 635 2949 velut
658 2888 846 2948 exhaustum
871 2887 958 2946 refici
985 2887 1055 2948 cibo
1082 2894 1251 2966 oporteret,
1275 2908 1316 2949 an

261 3016 291 3062 ac
307 2998 450 3059 immisso
460 3015 516 3075 per
529 2995 674 3074 clystera,
686 3000 722 3053 ut
736 2993 826 3071 quasi
841 2992 1035 3053 abundantia
1047 2992 1206 3054 laboranti
1220 2994 1316 3054 etiam

533 3100 592 3160 hoc
617 3118 729 3177 genere
754 3098 923 3175 egestionis
949 3097 1177 3159 subveniretur.
1227 3100 1316 3159 Mors
1329 3112 1365 3163 45

534 3206 601 3266 eius
618 3204 719 3264 celata
735 3210 793 3279 est,
808 3204 907 3264 donec
923 3205 1006 3265 circa
1023 3225 1234 3268 successorem
1255 3225 1318 3266 cm-

533 3311 587 3370 nia
601 3309 829 3371 ordinarentur.
871 3309 986 3387 ltaque
1000 3317 1032 3370 ct
1046 3312 1138 3389 quasi
1152 3332 1210 3391 pro
1224 3330 1318 3389 aegro

308 3422 411 3483 adhuc
433 3424 506 3478 vota
527 3422 673 3494 suscepta
694 3420 777 3489 sunt,
799 3420 831 3474 et
853 3414 976 3475 inducti
1000 3435 1056 3494 per
1081 3418 1318 3480 simulationem

263 3541 293 3587 ³0
308 3524 457 3596 comoedi,
480 3522 535 3600 qui
559 3521 648 3581 velut
672 3520 902 3580 desiderantem
926 3520 1128 3582 oblectarent.
1170 3524 1318 3586 Excessit

310 3632 364 3690 ΙΙΙ
384 3629 434 3688 Id.
450 3626 558 3688 Octob.
574 3623 686 3684 Asinio
705 3623 865 3698 Marcello,
884 3624 987 3684 Acilio
1006 3625 1122 3687 Aviola
1137 3646 1216 3690 coss.
1233 3648 1319 3689 sexa

310 3734 429 3812 gesimo
443 3736 555 3808 quarto
569 3729 691 3802 aetatis,
706 3727 832 3804 imperii
851 3735 963 3804 quarto
980 3730 1102 3792 decimo
1122 3751 1216 3809 anno,
1231 3734 1319 3794 fune
