2984 4359
315 266 379 331 138
417 276 943 338 c.sunrou1rsuuou1nn1na
965 278 1054 328 vrrs
1076 279 1277 329 cassanum

229 490 231 493 >
305 428 436 526 cellam,
463 447 614 509 decubuit
642 467 735 526 super
762 448 879 508 lectum
907 448 1030 508 modica
1063 448 1187 523 culcita,
1216 457 1319 509 vetere

314 554 412 634 pallio
434 559 542 629 strato,
565 553 771 629 instructum3
793 554 940 630 fameque
962 559 994 613 et
1016 552 1131 613 iterum
1151 553 1206 614 siti
1229 554 1317 615 inter-

314 659 462 738 pellante,
485 677 599 736 panem
624 658 753 736 quidem
781 657 941 718 sordidum
967 659 1107 719 oblatum
1135 666 1318 737 aspernatus

314 770 372 839 est,
395 782 493 841 aquae
516 769 620 825 autem
643 762 769 841 tepidae
792 762 990 840 aliquantum
1014 763 1104 824 bibit.
1148 766 1236 825 Tunc
1258 785 1317 825 uno
1330 785 1370 834 49

283 883 437 948 equoque
460 868 630 929 hincinde
654 868 793 928 instante
814 874 959 945 utquam
984 868 1120 946 primum
1145 888 1179 931 se
1203 870 1318 949 impen-

314 974 462 1035 dentibus
486 973 685 1034 contumeliis
710 973 854 1052 eriperet,
880 973 1019 1033 scrobem
1044 993 1147 1035 eoram
1172 974 1241 1036 lieri
1266 977 1319 1035 im-

539 1079 672 1158 peravit,
687 1079 848 1139 dimensus
867 1079 908 1139 ad
927 1080 1066 1157 corporis
1084 1079 1134 1140 sui
1148 1080 1317 1157 modulum,

539 1184 745 1262 componique
755 1184 859 1259 simul,
869 1184 896 1243 si
906 1203 969 1261 qua
978 1183 1205 1261 invenirentur,
1217 1187 1320 1246 frusta

314 1292 486 1367 marmoris,
502 1297 534 1351 et
548 1308 661 1368 aquam
676 1288 771 1349 simul
786 1307 822 1348 ac
837 1288 924 1364 ligna
943 1289 1079 1349 conferri
1093 1291 1232 1351 curando
1246 1310 1319 1351 mox

270 1411 299 1456 ιο
314 1396 467 1472 cadaveri,
495 1395 575 1455 flens
602 1394 643 1454 ad
671 1394 796 1471 singula
829 1400 923 1472 atque
951 1393 1124 1455 identidem
1152 1383 1318 1456 dictitans:

318 1502 424 1577 Qualis
437 1504 548 1577 artiJ‘ea
555 1502 667 1576 pereo!

354 1606 444 1666 Inter
458 1624 559 1665 moras
574 1604 712 1683 perlatos
726 1623 746 1664 a
759 1623 884 1665 cursore
898 1604 1036 1665 Phaonti
1052 1605 1213 1666 codicillos
1236 1626 1321 1686 prae

314 1711 413 1789 ripuit
427 1711 575 1788 legitque,
591 1728 624 1769 se
642 1710 766 1769 hostem
782 1728 802 1769 a
822 1715 931 1770 senatu
953 1709 1126 1770 iudicatum
1147 1719 1179 1771 et
1201 1713 1320 1789 quaeri,

314 1823 351 1877 ut
364 1815 514 1895 puniatur
524 1834 606 1875 more
619 1818 781 1888 maiorum,
793 1814 1060 1892 interrogavitque
1071 1815 1164 1893 quale
1176 1816 1209 1875 id
1221 1836 1321 1893 genus

270 1932 299 1978 ιιι
314 1927 398 1982 esset
411 1939 546 1999 poenae,
567 1925 685 1979 etcum
699 1919 911 1997 comperisset,
926 1919 1004 1978 nudi
1018 1919 1156 1981 hominis
1167 1922 1321 1982 cervicem

314 2025 412 2086 inseri
432 2026 549 2100 furcae,
571 2043 683 2102 corpus
704 2023 803 2099 virgis
824 2023 865 2083 ad
884 2043 992 2084 necem
1014 2025 1110 2101 caedi,
1129 2028 1320 2087 conterritus

315 2132 393 2191 duos
411 2129 570 2209 pugiones,
586 2148 665 2207 quos
686 2148 792 2189 seeum
813 2128 979 2204 extulerat,
997 2130 1140 2208 arripuit,
1154 2137 1320 2210 temptata

315 2256 376 2313 que
402 2236 568 2313 utriusque
596 2235 662 2294 acie
689 2254 798 2295 rursus
826 2234 979 2310 condidit,
1008 2244 1154 2297 causatus
1183 2241 1319 2298 nondum

315 2345 418 2401 adeam
435 2343 566 2417 fatalem
590 2343 715 2414 borum,
743 2358 780 2400 ao
805 2339 897 2399 modo
922 2340 1056 2418 Sporum
1078 2341 1263 2403 hortabatur
1285 2349 1319 2402 ut

269 2458 300 2505 ιο
314 2446 481 2507 lamentari
501 2464 540 2506 ac
558 2445 708 2524 plangere
728 2444 889 2523 inciperet,
912 2445 1004 2506 modo
1024 2446 1134 2507 orabat
1154 2453 1191 2507 ut
1212 2466 1245 2508 se
1265 2448 1319 2508 ali-

315 2551 387 2630 quis
402 2551 441 2611 ad
455 2557 587 2611 mortem
603 2551 825 2629 capessendam
840 2551 984 2629 exemplo
998 2551 1137 2629 iuvarct3
1159 2553 1316 2614 interdum

315 2657 482 2735 segnitiem
507 2675 595 2717 suam
617 2656 668 2716 his
689 2656 794 2716 verbis
815 2655 1012 2734 increpabat:
1043 2659 1117 2719 Viuo
1137 2662 1318 2735 deformiter,

313 1141 360 1189 llis
370 1144 448 1190 death

317 2762 503 2844 [turpn'tffl]
514 2799 554 2807 -
562 2766 595 2823 οὔ
607 2763 706 2841 πρέπει
719 2763 837 2840 Νέρωνι,
852 2765 885 2822 οὗ
897 2763 995 2840 πρέπει
1003 2798 1045 2807 -
1053 2764 1153 2839 νήφειν
1165 2764 1208 2824 δεῖ
1220 2769 1249 2827 ἓν
1263 2770 1320 2829 τοῖς

314 2871 556 2949 τοιούτοις-ἄγε
577 2871 666 2950 ἔγειρε
689 2868 824 2929 σεαυτόνέ
853 2867 984 2944 Iamque
1009 2867 1130 2946 equites
1155 2869 1322 2948 appropin-

270 2997 300 3042 25
316 2974 464 3052 quabant,
480 2972 593 3050 quibus
608 2978 812 3050 praeceptum
825 2977 893 3033 erat
912 2978 948 3031 ut
962 2973 1070 3032 vivum
1087 2991 1159 3032 eum
1180 2975 1322 3035 adtrahe-

316 3084 395 3139 rent.
438 3078 527 3148 Quod
541 3084 578 3138 ut
593 3078 700 3152 sensit,
715 3078 910 3156 trepidanter
924 3078 1055 3138 effatus:

417 3190 513 3245 Ιππων
532 3184 562 3260 μ’
583 3184 731 3245 ὠκυπόδων
751 3185 826 3259 ἀμφὶ
847 3186 948 3247 κτύπος
968 3184 1054 3244 οὔατα
1073 3187 1229 3263 βάλλει-

317 3290 437 3349 ferrum
450 3287 558 3365 iugulo
572 3288 686 3364 adegit,
702 3287 831 3347 iuvante
845 3287 1063 3366 Epaphrodito
1077 3308 1096 3349 a
1109 3289 1237 3351 libellis.
1274 3293 1323 3352 Se·

317 3393 539 3472 mianimisque
557 3394 659 3453 adhuc
679 3393 866 3471 irrumpenti
884 3393 1059 3454 centurioni
1079 3399 1111 3454 et
1130 3397 1267 3473 paenula
1283 3398 1323 3458 ad

272 3520 303 3566 ao
317 3499 435 3560 vulnus
447 3500 592 3577 adposita
602 3499 636 3558 in
645 3498 800 3558 auxilium
811 3517 844 3559 se
852 3498 976 3559 venisse
986 3499 1149 3561 simulanti
1159 3520 1224 3561 non
1236 3501 1323 3563 aliud

318 3607 481 3686 respondit
492 3624 586 3683 quam
595 3607 693 3667 Sero!
706 3610 739 3665 et
749 3608 836 3666 Haec
846 3608 997 3681 estfldes!
1037 3608 1144 3684 Atque
1155 3607 1189 3667 in
1200 3627 1239 3669 ea
1249 3628 1323 3669 voce

318 3712 445 3787 defecit,
460 3712 659 3771 exstantibus
676 3711 914 3787 rigentibusque
933 3710 1032 3771 oculis
1052 3730 1152 3790 usque
1166 3714 1324 3774 ad'horro
