2984 4359
416 288 529 343 nnma
551 292 587 345 v.
637 291 751 344 n1vus
773 290 966 345 onnunms.
1133 278 1197 345 101

189 466 336 525 functum
357 471 534 526 senatorem
554 464 715 526 inauditos
730 469 763 525 et
777 464 923 526 innoxios
937 464 1098 542 relegavit,
1113 465 1198 544 quod

189 569 243 629 ille
257 570 410 631 adversus
427 570 587 648 privatum
601 589 635 631 ee
649 569 922 648 intemperantius:
931 569 1198 654 affuissetuiqin

188 675 352 736 aedilitate
373 674 546 752 inquilinos
568 655 921 764 praediorumlsuolunrss
940 663 1049 736 eontra
1064 656 1198 737 v'etitum

188 790 277 843 cocta
304 781 487 858 vendentes,
519 782 686 844 multasset
714 769 916 862 vilicrrjnsjuei
932 771 1212 871 intervenientium

188 889 389 965 flagellasset
428 890 497 961 Qua
510 889 550 949 de
563 907 658 950 causa
672 867 768 950 etiam
779 867 1003 950 coercitionem
1011 908 1198 968 popinarum
1210 871 1229 950 ’5

188 995 345 1057 aedilibus
366 995 494 1056 ademit.

228 1104 278 1162 Ae
291 1120 332 1162 ne
350 1101 521 1162 stultitiam
543 1100 670 1179 quidem
692 1120 781 1162 suam
801 1101 938 1177 retinuit,
957 1100 1198 1180 simulatamque

188 1226 256 1267 ase
271 1226 310 1266 ex
326 1206 484 1268 industria
504 1206 563 1267 sub
580 1206 668 1281 Gaio,
689 1206 775 1284 quod
791 1206 884 1266 aliter
903 1225 1053 1267 evasurus
1070 1225 1198 1285 perven-

188 1319 341 1391 turusque
362 1313 403 1372 ad
424 1317 602 1390 susceptam
624 1311 794 1372 stationem
809 1331 873 1371 non
888 1312 994 1387 fuerit,
1009 1312 1197 1390 quibusdam

189 1416 397 1477 oratiunculis
415 1422 552 1478 testatus
566 1422 630 1493 est,
651 1435 709 1476 nec
723 1422 830 1476 tamen
847 1418 1012 1495 persuasit,
1028 1436 1096 1477 eum
1113 1418 1198 1478 intra
1215 1427 1243 1472 10

189 1522 283 1583 breve
297 1529 423 1600 tempus
438 1522 519 1582 liber
533 1522 636 1582 editus
651 1522 702 1596 sit,
717 1522 770 1581 cui
784 1521 879 1581 index
894 1528 962 1582 erat
976 1527 1086 1602 Μωρῶν
1100 1526 1197 1585 ἐπανά-

189 1654 301 1703 στασις,
316 1634 535 1704 argumentum
551 1633 666 1702 autem,
682 1625 854 1687 stultitiam
868 1628 1025 1687 neminem
1040 1629 1164 1705 fingere.

140 1735 175 1786 39
229 1734 319 1792 Inter
340 1738 445 1793 cetera
464 1733 496 1792 in
521 1750 557 1793 eo
575 1732 684 1793 mirati
702 1738 778 1794 sunt
796 1732 939 1792 homines
957 1738 990 1793 et
1007 1733 1197 1795 oblivionem

188 1846 221 1899 et
241 1837 551 1913 inconsiderantiam,
571 1836 632 1913 vel,
654 1843 691 1897 ut
712 1838 830 1899 Graece
855 1818 969 1914 dicam,
993 1844 1144 1919 μιτιωρίαν
1165 1846 1197 1901 et

188 1948 338 2023 ἅβλεψίαν.
375 1944 486 2004 Occisa
495 1942 677 2019 Messalina,
688 1942 783 2022 paulo
793 1947 866 2022 post
876 1962 971 2020 quam
995 1986 1185 2049 flmmeum,
1214 1955 1243 2000 ro

189 2047 223 2108 in
236 2047 378 2109 triclinio
394 2048 553 2124 decubuit,
568 2068 622 2108 cur
638 2051 764 2109 damian
782 2068 843 2108 non
856 2053 970 2109 ueniret
995 2075 1056 2111 nera
1066 2063 1162 2110 mutn-

189 2154 344 2232 requisiit
380 2154 501 2227 Multos
516 2172 555 2214 ex
569 2153 619 2230 iis,
634 2171 713 2232 quos
728 2154 831 2233 eapite
846 2155 971 2215 damna
996 2136 1127 2186 ⁶¹⁶⁶¹⁰¹¹⁶⁰

188 2265 286 2334 verat,
314 2265 442 2338 postero
465 2258 575 2319 statim
602 2258 654 2319 die
681 2264 714 2319 et
738 2260 773 2318 in
798 2259 965 2319 consilium
989 2264 1021 2319 et
1045 2259 1086 2319 ad
1110 2258 1196 2320 aleae

188 2364 293 2425 lusum
316 2363 477 2424 admoneri
502 2362 597 2424 iussit
620 2369 661 2439 et,
683 2364 775 2441 quasi
796 2371 1000 2440 morarentur,
1023 2369 1060 2423 ut
1084 2363 1197 2425 somni·

189 2469 311 2530 eulosos
339 2488 395 2547 per
423 2468 569 2529 nuntium
598 2468 764 2547 increpuit.
821 2470 982 2529 Ducturus
1010 2475 1119 2529 contra
1147 2470 1196 2530 fas
1212 2484 1242 2529 20

189 2573 400 2653 Agrippinam
421 2592 560 2650 uxorem,
581 2594 645 2634 non
666 2574 803 2635 cessavit
823 2574 909 2634 omni
933 2574 1072 2635 oratione
1092 2577 1196 2652 filiani

190 2690 216 2739 et
229 2683 387 2740 damnum
402 2689 429 2740 et
441 2684 476 2739 ia
488 2684 603 2758 premio
614 2699 668 2739 suo
682 2690 788 2740 natam
802 2690 891 2756 utque
905 2684 1062 2740 educatam
1076 2680 1197 2759 praedi·

189 2803 266 2845 care.
303 2785 492 2846 Adsciturus
507 2785 542 2844 in
555 2804 669 2846 nomen
682 2786 850 2861 Neronem,
866 2786 957 2865 quasi
971 2805 1082 2864 parum
1096 2804 1197 2864 repre-

189 2889 388 2967 henderetur,
410 2890 495 2969 quod
515 2891 626 2951 adulto
646 2890 710 2951 iam
730 2891 798 2952 filio
820 2891 1000 2969 privignum
1021 2892 1195 2969 adoptaret,

189 2995 363 3057 identidem
384 2995 572 3073 divulgarit,
593 3000 744 3056 neminem
764 3016 910 3073 umquam
924 3016 984 3074 per
1004 3000 1196 3073 adoptionem
1212 3013 1242 3059 nc

190 3104 335 3175 familiae
356 3101 505 3163 fflaudiw
525 3106 681 3164 insertum.

139 3215 177 3267 40
230 3207 391 3267 Sermonis
412 3225 486 3268 vero
510 3226 678 3286 rerumque
701 3214 822 3269 tantam
848 3227 941 3286 saepe
965 3208 1197 3287 neglegentiam

190 3312 338 3388 ostendit,
359 3319 396 3374 ut
417 3332 474 3375 nec
495 3314 567 3392 quis
587 3332 645 3374 nec
665 3313 748 3374 inter
769 3333 856 3391 quos,
872 3332 973 3391 quove

189 3423 330 3496 tempore
345 3437 381 3479 ac
395 3417 464 3479 loco
478 3419 574 3479 verba
588 3419 715 3495 faceret,
730 3418 810 3479 seire
825 3424 880 3479 aut
894 3405 991 3495 cogi·¹
1032 3394 1140 3531 ἓξὲξ

190 3529 257 3584 tare
272 3523 516 3584 existimaretur.
548 3524 677 3585 Cumde
691 3524 785 3584 laniis
797 3523 972 3585 scrinariis
1213 3538 1242 3582 aa

190 3634 345 3704 ageretur,
360 3628 550 3690 exclamavit
569 3629 604 3689 in
623 3628 725 3688 curia:
757 3631 842 3707 Repo
857 3648 918 3704 voe,
933 3633 1001 3705 quie
1015 3638 1115 3705 potest
1133 3633 1197 3688 sine

191 3736 284 3811 effide
301 3734 431 3795 menet
450 3732 679 3811 descripsitque
698 3732 924 3794 abundantiam
939 3738 1080 3793 veterum
1099 3735 1197 3793 taber-
