2984 4359
446 262 558 314 urens
582 263 630 315 ru.
681 264 711 315 c.
737 262 935 317 cumeum.
1154 255 1195 321 51

191 435 280 494 modo
295 435 329 494 in
343 434 528 495 recitatione
542 435 729 514 praeteritis.
774 437 821 497 Ut
837 435 937 496 levior
954 436 1042 498 labor
1059 438 1196 500 iudican-

163 567 166 571 ·
189 539 272 599 tibus
284 539 376 615 foret,
389 539 429 600 ad
440 546 589 617 quattuor
604 539 718 619 prioris
732 540 876 619 quintam
891 541 1050 603 decuriam
1062 544 1193 604 addidit.

188 644 370 722 Temptavit
384 652 417 704 et
432 644 627 704 comitioium
645 664 730 706 more
746 652 892 706 revocato
911 647 1062 724 suffragia
1080 649 1195 727 populo

188 751 324 810 reddere.
366 751 486 825 Legata
495 769 534 809 ex
545 754 734 810 testamento
745 750 852 810 Tiberi
864 769 1053 830 quemquam
1067 753 1193 829 abolito,

188 856 241 915 sed
259 861 292 916 et
311 855 414 915 Iuliae
431 854 602 931 Augustae,
618 855 703 932 quod
719 855 865 916 Tiberius
883 864 1108 935 suppresserat,
1123 866 1225 919 cumn

187 960 248 1020 fide
259 979 295 1020 ac
307 960 377 1020 sine
387 960 546 1020 calumnia
559 967 794 1038 repraesentata
807 961 968 1038 persolvit.
1011 963 1195 1024 Ducentesi-

188 1084 269 1125 mam
304 1065 484 1125 auctionum
517 1065 630 1125 Italiae
662 1066 803 1141 remisit,
840 1066 949 1126 multis
978 1067 1194 1128 incendiorum

187 1171 301 1231 damna
322 1170 498 1248 supplevit3
521 1188 556 1230 ae
576 1170 737 1247 siquibus
758 1190 854 1248 regna
867 1172 1017 1246 restituit,
1033 1173 1148 1234 adiecit
1162 1179 1194 1235 et

186 1276 327 1335 fructum
341 1294 464 1335 omnem
476 1275 712 1351 uectigaliorum
727 1282 760 1336 et
771 1276 908 1337 reditum
922 1277 1018 1337 medii
1032 1279 1192 1356 temporis,

186 1388 221 1440 ut
241 1380 402 1439 Antiocho
423 1380 632 1456 Commageno
653 1381 832 1441 sestertium
855 1381 959 1442 milies
981 1383 1191 1444 confiscatum.
1210 1396 1238 1441 10

186 1487 316 1562 Quoque
331 1485 431 1561 magis
445 1484 565 1545 nullius
579 1505 643 1545 non
657 1485 731 1546 boni
750 1486 887 1564 exempli
903 1487 1010 1547 fautor
1023 1489 1192 1565 videretur,

187 1590 311 1650 mulieri
326 1589 491 1650 libertinae
507 1589 667 1667 octoginta
681 1591 819 1667 donavit,
835 1592 919 1668 quod
933 1592 1112 1653 excruciata
1128 1613 1194 1670 gra-

187 1695 325 1755 vissimis
340 1695 508 1755 tormentis
522 1696 561 1755 de
573 1695 689 1756 scelere
704 1696 829 1774 patroni
843 1697 1030 1758 reticuisset.
1055 1699 1139 1770 Quas
1153 1700 1193 1760 ob

186 1819 235 1860 res
255 1791 340 1859 inter
361 1799 497 1877 reliquos
517 1800 651 1861 honores
671 1802 814 1862 decretus
828 1807 878 1861 est
891 1802 920 1861 ei
936 1802 1054 1880 clipeus
1070 1821 1191 1879 aureuS,

186 1924 278 1983 quem
300 1905 470 1982 quotannis
492 1912 577 1966 certo
599 1906 650 1966 die
666 1906 807 1984 collegia
829 1908 1023 1968 secerdotum
1046 1909 1080 1968 in
1104 1909 1238 1987 Capi-15

185 2010 296 2071 tolium
316 2011 445 2084 ferrent,
469 2017 581 2070 senatu
602 2018 820 2089 prosequente,
842 2011 1060 2090 nobilibusque
1085 2015 1191 2091 pueris

185 2134 220 2175 ac
234 2115 352 2193 puellis
367 2116 503 2175 carmine
518 2116 678 2176 modulato
699 2116 808 2177 laudes
829 2117 982 2177 virtutum
1002 2118 1069 2178 eius
1083 2137 1193 2178 canen-

141 2276 146 2283 .
185 2220 277 2281 tibus.
322 2221 491 2279 Decretum
514 2227 619 2281 autem
638 2228 674 2281 ut
694 2222 771 2297 dies,
786 2241 849 2299 quo
863 2221 997 2300 cepisset
1014 2223 1190 2301 imperium,

185 2326 304 2386 Parilia
335 2332 508 2401 vocaretur,
539 2326 629 2387 velut
658 2333 876 2402 argumentum
907 2347 1015 2389 rursus
1048 2328 1191 2389 conditae

185 2432 279 2491 urbis.
1207 2444 1237 2490 au

138 2537 172 2590 17
225 2535 415 2597 Consulatus
440 2543 588 2613 quattuor
611 2536 717 2613 gessit,
738 2537 875 2614 primum
896 2556 934 2597 ex
957 2537 1038 2596 Kal..
1054 2538 1114 2597 Iul.
1136 2557 1192 2616 per

185 2642 263 2701 duos
275 2659 409 2716 menses,
422 2642 591 2701 secundum
606 2661 645 2701 ex
660 2641 733 2700 Kal.
747 2642 814 2701 Ian.
827 2661 882 2719 per
893 2663 957 2701 xxx
972 2642 1050 2717 dies,
1061 2642 1191 2702 tertium

185 2746 328 2824 usquein
342 2746 421 2805 Idus
432 2746 509 2819 Ian,
520 2752 666 2824 quartum
681 2765 781 2824 usque
796 2746 964 2824 septimum

186 2852 262 2911 Idus
277 2851 410 2911 easdem.
453 2852 503 2909 Ex
518 2851 663 2911 omnibus
677 2851 756 2910 duos
776 2851 963 2912 novissimos
990 2824 1144 2958 ffipffwss'

185 2956 357 3016 coniunxit.
399 2955 542 3015 Tertium
565 2963 671 3015 autem
696 2956 866 3032 Luguduni
891 2956 964 3016 iniit
1206 2971 1236 3017 2⁶

186 3062 279 3136 solus,
299 3080 363 3120 non
383 3066 419 3120 ut
442 3061 570 3138 quidam
588 3062 758 3139 opinantur
778 3061 924 3139 superbia
942 3061 1190 3139 neglegentiave,

186 3166 239 3226 sed
267 3166 350 3244 quod
378 3166 564 3227 defunctum
593 3166 650 3227 sub
680 3167 895 3227 Kalendarum
928 3167 1012 3227 diem
1040 3168 1191 3246 collegam

185 3272 314 3333 rescisse
339 3272 454 3332 absens
478 3291 542 3332 non
570 3278 723 3351 potuerat.
768 3272 968 3347 Congiarium
998 3273 1113 3351 populo
1141 3274 1190 3335 bis

184 3377 272 3437 dedit
291 3384 434 3438 trecenos
457 3377 628 3451 sestertios,
650 3377 769 3437 totiens
793 3377 1098 3437 abundantissimum
1119 3397 1191 3457 epu·

184 3483 249 3543 lum
270 3484 394 3545 senatui
417 3482 617 3560 equestrique
638 3482 752 3557 ordini,
773 3482 866 3541 etiam
889 3471 1074 3559 coniugibus
1095 3502 1131 3544 ao
1155 3484 1191 3543 li·
1206 3500 1235 3546 ec

183 3588 265 3650 beris
278 3596 486 3664 utrorumque
497 3610 504 3662 3
526 3587 696 3664 posteriore
707 3587 950 3665 epuloforensia
963 3587 1092 3667 insuper
1101 3589 1188 3662 viris,

183 3694 308 3757 leminis
322 3715 358 3757 sn
374 3691 486 3773 pueris
496 3690 612 3752 fascias
627 3710 782 3770 purpurae
797 3709 832 3750 ae
843 3690 1002 3770 conchylii
1017 3691 1189 3752 distribuit.
