2984 4359
290 262 331 325 10
365 273 395 325 c.
422 274 579 326 sunronr
600 273 831 337 renuounrr
855 274 904 324 on
925 274 1015 323 vrrs
1038 273 1240 324 carosanum

289 445 373 505 enim
394 444 625 527 appellabatur)
648 444 829 505 relaturum.
872 446 940 516 Quo
961 444 1126 523 praecipue
1148 463 1210 503 non
1231 444 1294 504 iarn

289 557 376 611 metu
397 550 453 610 sed
474 550 655 609 discrimine
676 556 801 610 coactus
822 556 880 625 est,
896 556 960 609 tam
982 549 1048 609 suis
1069 567 1164 626 quam
1185 549 1295 610 matris

289 654 531 733 impensissimis
566 655 709 733 precibus
744 655 880 715 reditum
914 653 1121 732 expostulare,
1151 653 1296 732 impetro-

290 762 410 839 vitque,
437 760 563 820 adiutus
598 759 797 836 aliquantum
830 760 926 820 etiam
960 778 1043 820 casu.
1093 760 1295 819 Destinatum

257 879 273 925 c
289 867 433 942 Augusto
448 871 524 940 erat,
539 864 621 925 nihil
636 883 781 943 superea
802 884 835 926 re
850 866 913 925 nisi
934 884 973 925 ex
990 864 1153 925 voluntate
1168 864 1295 925 maioris

289 971 337 1031 fili
366 975 521 1045 statuere3
547 969 574 1030 is
602 971 685 1030 forte
708 975 785 1031 tnnc
809 972 853 1030 M.
879 970 983 1030 Lollio
1006 969 1163 1044 offensior,
1189 970 1295 1030 facilis
1334 991 1336 994 ·

289 1076 522 1154 exorabilisque
542 1074 575 1134 in
595 1075 745 1135 vitricum
769 1076 840 1135 fuit.
884 1076 1091 1135 Permittente
1116 1093 1189 1151 ergo
1215 1075 1295 1136 Gaio

289 1187 454 1242 revocatus
482 1186 541 1255 est,
565 1198 673 1240 verum
703 1182 762 1242 sub
785 1180 967 1240 condicione
990 1198 1030 1239 ne
1055 1197 1148 1256 quam
1173 1186 1294 1256 partem

289 1304 435 1347 curamve
456 1286 501 1346 rei
522 1285 666 1364 publicae
680 1285 859 1361 attingeret.

245 1402 273 1447 10
555 1390 664 1450 Rediit
682 1396 792 1450 octavo
810 1396 883 1468 post
901 1408 1057 1450 secessum
1073 1409 1165 1465 anno,
1180 1399 1347 1466 magnale

288 1472 424 1593 {25³⁰
514 1514 571 1555 nec
581 1495 701 1555 incerta
711 1513 767 1573 spe
778 1495 1066 1572 futurorum,quam
1076 1501 1109 1555 61
1117 1494 1250 1555 ostentis
1261 1500 1294 1554 et

513 1599 780 1678 praedictionibus
794 1600 834 1660 ab
848 1600 941 1660 initio
955 1600 1067 1659 aetatis
1080 1605 1271 1677 conceperat.

300 1726 301 1730 ¹
328 1705 510 1780 Praegnans
531 1704 616 1764 enim
640 1704 733 1765 Livia
753 1724 833 1777 cum,
855 1723 895 1764 an
917 1723 1034 1765 marem
1055 1704 1178 1764 editura
1200 1711 1292 1779 esset,

288 1809 438 1857 0111111111
513 1809 610 1870 variis
622 1815 763 1887 captaret
773 1810 940 1884 ominibus,
952 1829 1046 1869 ovum
1058 1810 1219 1869 incubanti
1231 1810 1293 1885 gal·

243 1934 272 1978 15
287 1881 474 2017 gffifflzff
513 1914 597 1974 linae
624 1914 812 1974 subductum
841 1934 925 1975 nuuc
953 1933 1010 1975 sua
1032 1934 1115 1974 nunc
1136 1915 1293 1974 ministra

288 2044 349 2079 ress
512 2039 581 2078 rum
610 2039 704 2079 manu
736 2038 793 2097 per
820 2019 905 2079 vices
936 2037 1036 2097 usque
1066 2019 1158 2094 fovit,
1189 2020 1292 2097 quoad

288 2121 395 2201 pullus
417 2122 585 2199 insigniter
605 2123 755 2184 cristatus
776 2123 923 2184 exclusus
940 2131 997 2184 est.
1040 2125 1087 2184 Ac
1109 2125 1147 2184 de
1168 2124 1291 2184 infante

289 2227 468 2288 Scribonius
485 2227 725 2289 mathematicus
743 2229 904 2306 praeclara
922 2230 1100 2308 spopondit,
1116 2229 1212 2289 etiam
1228 2249 1292 2305 reg·

288 2339 435 2393 naturum
457 2333 652 2410 quandoque,
668 2334 722 2394 sed
744 2334 813 2393 sine
833 2334 919 2410 regio
940 2334 1067 2409 insigni,
1083 2333 1190 2410 ignota
1211 2335 1293 2394 scili-

241 2454 272 2499 11
287 2443 338 2497 661
350 2443 426 2497 tunc
441 2437 542 2497 adhuc
557 2438 725 2498 (laesarum
739 2445 904 2517 potestate.
947 2439 989 2497 Et
1002 2438 1145 2515 ingresso
1158 2424 1312 2516 primuml

288 2542 519 2620 expeditionem
538 2561 573 2602 ac
594 2562 649 2621 per
670 2544 886 2604 Macedoniam
910 2544 1042 2603 ducente
1064 2544 1236 2603 exercitum
1258 2545 1291 2603 in

289 2647 423 2726 Syriam,
439 2647 554 2707 accidit
575 2654 611 2708 ut
631 2649 715 2725 apud
736 2648 904 2727 Philippos
928 2654 1067 2708 sacratae
1093 2649 1168 2709 olim
1188 2650 1292 2710 victri-

288 2753 372 2812 cium
393 2752 551 2827 legionum
574 2772 644 2813 arae
667 2759 778 2831 sponte
796 2753 909 2813 subitis
927 2753 1127 2813 conlucerent
1148 2754 1290 2829 ignibus,

223 2905 225 2909 Α
288 2863 320 2918 61
340 2877 422 2933 mox,
446 2876 517 2917 cum
542 2857 706 2936 Illyricum
731 2863 842 2937 petens
866 2858 957 2918 iuxta
980 2858 1149 2919 Patavium
1172 2859 1291 2920 adisset

242 2985 271 3029 25
289 2963 445 3042 Geryonis
471 2962 639 3038 oraculum,
664 2971 746 3023 sorte
770 2968 879 3038 tracta,
902 2983 964 3041 qua
987 2964 1171 3024 monebatur
1195 2971 1231 3023 ut
1252 2965 1291 3024 de

288 3068 572 3128 consultationibus
598 3069 632 3127 in
653 3069 760 3146 Aponi
782 3068 903 3128 fontem
926 3069 1008 3128 talos
1032 3087 1142 3128 aureos
1167 3069 1290 3144 iaceret,

288 3173 394 3233 evenit
418 3179 454 3232 nt
479 3192 635 3233 summum
663 3192 827 3233 numerum
852 3173 926 3233 iacti
952 3174 991 3234 ab
1015 3192 1051 3233 eo
1075 3175 1290 3250 ostenderent3

288 3278 443 3355 hodieque
465 3279 523 3339 sub
544 3299 626 3356 aqua
646 3280 794 3339 visuntur
814 3279 848 3338 hi
868 3268 936 3339 raliss
976 3280 1060 3339 Ante
1081 3298 1196 3357 paucos
1217 3299 1292 3339 vero

288 3403 383 3463 quam
411 3391 608 3444 revocaretur
634 3383 702 3445 dies
726 3384 842 3461 aquila,
867 3404 1036 3462 numquam
1066 3392 1159 3445 antea
1186 3385 1291 3445 Rhodi

242 3509 272 3555 31
288 3497 464 3569 conspecta,
493 3489 527 3548 in
557 3489 693 3549 culmine
726 3490 836 3549 domus
864 3490 932 3550 eius
960 3490 1095 3566 assedit3
1131 3498 1163 3551 61
1189 3490 1291 3568 pridie

288 3616 382 3676 quam
400 3596 439 3656 de
458 3595 562 3654 reditu
581 3595 694 3654 certior
712 3594 811 3669 fieret,
827 3595 1014 3655 vestimenta
1029 3597 1166 3657 mutanti
1184 3597 1293 3657 tunica

288 3704 397 3764 ardere
422 3700 491 3761 visa
518 3706 574 3762 est,
627 3699 831 3779 Thrasyllum
866 3719 990 3781 quoque
1024 3701 1291 3780 mathematicum,
