2984 4359
288 268 331 330 46
367 278 396 329 C.
421 276 577 329 SUETONI
600 277 830 340 TRANQUILLI
853 279 903 328 DE
925 279 1014 329 VITA
1037 278 1241 330 CAESARUM

288 455 473 528 temporum.
514 450 599 509 Nam
619 450 675 526 qui
696 469 746 511 res
761 451 898 528 Augusti
912 451 1081 511 memoriae
1094 451 1293 527 mandarunt,

289 555 512 616 Germanicum
525 560 635 614 exacto
648 555 814 616 consulatu
828 557 862 615 in
877 556 1015 616 Galliam
1026 556 1157 617 missum
1169 576 1295 617 consen·

288 660 381 735 tiunt,
403 659 465 719 iam
488 665 564 719 nato
588 660 676 720 Gaio
720 661 787 721 Neo
812 661 900 721 Plini
926 661 1105 740 opinionem
1129 661 1295 740 inscriptio

288 784 358 825 arae
373 765 541 842 quicquam
555 764 720 840 adiuverit,
730 784 801 826 curu
813 766 993 844 Agrippina
1006 767 1055 827 bis
1069 766 1104 826 iu
1118 784 1155 826 ea
1168 767 1294 843 regione

256 870 369 931 sfilias
391 870 485 930 enixa
505 870 556 945 sit,
575 875 607 930 et
628 870 866 949 qualiscumque
889 876 999 950 partus
1022 872 1089 931 sine
1111 871 1178 932 ullo
1201 891 1295 932 sexus

288 975 468 1037 discrimine
482 975 682 1053 puerperium
696 982 834 1052 vocetur,
849 978 934 1055 quod
954 977 1078 1054 antiqui
1097 977 1193 1038 etiam
1210 977 1295 1055 puel-

286 1081 334 1141 las
349 1099 470 1159 pueros,
486 1079 568 1141 sicut
585 1086 617 1140 et
636 1098 749 1157 pueros
763 1077 885 1156 puellos
900 1079 1090 1139 dictitarent.
1132 1081 1249 1140 Exstat
1263 1087 1295 1140 et

287 1186 424 1262 Augusti
449 1185 595 1263 epistula,
621 1190 694 1244 ante
718 1204 834 1262 paucos
859 1203 955 1263 quam
979 1184 1081 1245 obiret
1104 1203 1228 1244 menses
1253 1186 1294 1245 ad

287 1291 497 1369 Agrippinam
512 1296 637 1368 neptem
655 1290 702 1350 ita
720 1291 839 1367 scripta
852 1291 891 1349 de
911 1290 991 1350 Gaio
1005 1290 1064 1349 hoo
1080 1289 1293 1369 (nequeenim

242 1406 271 1451 10
287 1397 454 1475 quisquam
468 1396 532 1455 iam
546 1395 627 1456 alius
642 1396 749 1455 infans
765 1395 891 1454 nomine
911 1396 979 1472 pari
998 1401 1075 1455 tunc
1097 1400 1259 1472 supererat
1270 1397 1292 1474 z)

287 1505 422 1562 Puerum
449 1502 563 1562 Guium
588 1502 660 1563 XV
672 1502 748 1560 Καὶ.
774 1503 842 1560 Iun.
866 1506 895 1560 si
918 1504 964 1559 dii
984 1503 1082 1560 oolerrt
1102 1509 1135 1559 ut
1155 1503 1294 1559 ducerent

292 1610 435 1667 Talarius
459 1615 485 1665 et
504 1607 641 1681 Asillius,
663 1609 819 1665 hericum
843 1610 883 1665 iis
905 1609 1052 1665 constitui.
1095 1607 1185 1664 Muto
1204 1624 1295 1681 prue-

286 1722 367 1773 tereu
380 1732 448 1773 oum
461 1731 495 1771 eo
510 1731 546 1771 err
563 1715 658 1771 seruis
674 1715 749 1771 orcis
768 1715 925 1786 medicum,
941 1731 1029 1787 quem
1047 1714 1154 1786 sumpsi
1170 1711 1294 1771 Germa

286 1822 353 1878 uico
370 1822 398 1876 rt
410 1818 493 1877 uellet
508 1825 540 1875 ut
554 1820 700 1876 retineret.
744 1818 872 1890 Valcbr's,
888 1836 956 1876 meu
970 1817 1152 1893 Agrippina,
1164 1824 1192 1874 et
1205 1818 1294 1874 dubis

242 1936 271 1981 15
287 1929 409 1999 operum
422 1930 455 1981 at
469 1924 571 1981 valeus
580 1925 743 1997 pervenias
753 1925 795 1981 ud
808 1922 1023 1982 Germanicum
1033 1930 1127 1980 taum.
1158 1919 1293 1979 Abunde

286 2047 395 2107 parere
409 2027 552 2101 arbitror,
567 2046 630 2086 non
645 2026 785 2104 potuisse
803 2026 848 2086 ibi
866 2026 953 2086 nasci
973 2025 1097 2101 Gaium,
1113 2044 1175 2102 quo
1196 2044 1294 2104 prope
1394 2025 1396 2029 ⁴

287 2132 424 2193 bimulus
452 2132 574 2191 demum
604 2132 775 2209 perductus
801 2132 840 2191 ab
864 2132 940 2191 urbe
965 2130 1015 2191 sit.
1058 2130 1292 2191 Versiculorum

286 2255 411 2316 quoque
424 2236 520 2296 fidem
534 2237 643 2296 eadem
662 2237 739 2296 haec
761 2236 887 2296 elevant
907 2242 940 2296 et
960 2255 997 2296 eo
1017 2235 1153 2311 facilius,
1169 2236 1253 2312 quod
1268 2234 1293 2294 ii

287 2344 354 2405 sine
369 2349 494 2403 auctore
509 2347 591 2403 sunt.
636 2341 803 2418 Sequenda
823 2346 873 2401 est
894 2340 1000 2418 igitur,
1015 2360 1096 2418 quae
1113 2339 1180 2400 sola
1193 2345 1293 2400 restat

241 2465 270 2510 uu
286 2448 405 2527 publici
420 2448 623 2507 instrumenti
638 2446 818 2521 auctoritas,
830 2447 1015 2524 praesertim
1030 2465 1100 2506 oum
1116 2445 1215 2506 Gaius
1230 2445 1293 2504 An-

286 2554 375 2628 tium,
387 2552 531 2612 omnibus
554 2570 676 2631 semper
698 2552 776 2612 locis
799 2558 893 2630 atque
913 2552 1086 2612 secessibus
1107 2550 1292 2628 praelatum,

286 2679 349 2718 non
362 2658 454 2718 aliter
469 2677 562 2734 quam
576 2657 682 2717 natale
698 2657 799 2718 solum
815 2657 962 2716 dilexerit
976 2658 1181 2733 tradaturque
1196 2655 1292 2714 etiam

286 2764 392 2825 sedem
413 2782 449 2823 ac
468 2762 662 2823 domicilium
684 2762 809 2840 imperii
830 2761 1043 2822 taedio'urbis
1064 2760 1235 2821 transferre
1256 2778 1294 2819 eo

286 2870 468 2931 destinasse.

240 2989 270 3035 25
327 2975 487 3052 Caligulae
502 2993 673 3052 cognomen
688 2975 843 3035 castrensi
858 2974 924 3034 ioco
938 2973 1046 3048 traxit,
1062 2972 1138 3050 quia
1153 2971 1325 3049 manipu·9

286 3080 364 3141 lario
378 3080 490 3141 habitu
504 3081 586 3140 inter
604 3080 721 3140 milites
742 3080 939 3140 educabatur.
983 3079 1079 3156 Apud
1100 3097 1177 3155 quos
1199 3096 1294 3154 quan-

512 3191 580 3245 tum
614 3192 777 3262 praeterea
813 3204 869 3263 per
908 3184 989 3244 hanc
1029 3183 1294 3242 nutrimentorum

513 3291 768 3350 consuetudinem
804 3308 908 3349 amore
947 3295 978 3348 ct
1011 3288 1114 3364 gratia
1148 3286 1292 3361 valuerit,

513 3395 648 3455 maxime
673 3395 833 3472 cognitum
856 3400 904 3454 est
932 3413 1002 3454 cum
1032 3399 1103 3470 post
1131 3411 1293 3453 excessum

242 3515 271 3562 30
287 3501 425 3579 Augusti
448 3499 672 3561 tumultuantis
697 3507 729 3560 et
753 3501 787 3559 in
811 3500 949 3559 furorem
978 3517 1077 3576 usque
1105 3497 1293 3575 praecipites

288 3607 373 3667 solus
398 3606 483 3665 haud
510 3605 603 3665 dubie
628 3609 661 3664 et
689 3610 857 3686 conspectu
885 3624 941 3664 suo
968 3604 1065 3664 flexit.
1107 3604 1180 3662 Nou
1209 3601 1293 3662 enim

288 3712 375 3792 prius
392 3709 591 3786 destiterunt,
607 3729 701 3787 quam
716 3709 854 3786 ablegari
876 3729 947 3769 eum
968 3710 1008 3769 ob
1029 3707 1194 3769 seditionis
1216 3706 1295 3785 peri·

286 3266 365 3314 onus
375 3267 420 3313 the
431 3267 476 3324 pet

286 3339 313 3388 of
325 3342 370 3388 the
381 3341 486 3387 soldicrs
