2984 4359
292 287 356 351 124
393 298 423 349 c.
446 298 602 350 sorrour
619 300 849 362 rsauocrctr
866 302 918 350 ns
942 300 1031 350 vrrA
1051 300 1255 350 cassanum

291 473 376 549 Tyro
396 489 501 531 secum
518 470 694 547 extulisset,
713 490 782 532 esse
799 472 833 531 in
851 472 964 532 Africa
983 472 1175 532 vastissimis
1193 490 1296 550 specu-

290 577 348 636 bus
373 576 507 651 abditos,
531 595 567 636 ac
595 595 686 654 posse
714 576 783 637 erui
811 577 943 655 parvula
970 575 1169 664 molientium
1194 596 1293 655 opera

289 682 407 742 Verum
421 687 457 739 ut
471 700 542 759 spes
557 681 684 756 fefellit,
694 682 876 757 destitutus,
888 688 982 759 atque
993 681 1039 742 ita
1050 681 1112 741 iam
1124 682 1293 742 exhaustus
1307 686 1341 737 32

290 792 323 846 et
337 804 430 862 egens
444 791 481 845 ut
495 785 654 864 stipendia
667 805 792 864 quoque
806 787 942 846 militum
959 793 991 845 et
1005 787 1168 847 commoda
1179 793 1294 846 vetera

258 903 400 950 snorum
420 890 562 969 protrahi
582 909 618 950 ac
636 890 759 950 differri
778 909 903 951 necesse
923 896 1016 965 esset,
1031 891 1199 951 calumniis
1218 892 1294 969 rapi-

289 996 402 1073 nisque
417 995 556 1055 intendit
570 996 717 1056 animum.

330 1100 414 1160 Ante
425 1099 531 1160 omnia
541 1100 692 1176 instituit,
703 1106 739 1160 ut
750 1121 767 1161 e
778 1102 963 1162 libertorum
973 1102 1192 1161 defunctorum
1205 1102 1292 1162 bonis

289 1224 347 1284 pro
360 1205 490 1267 semisse
504 1205 637 1266 dextans
652 1206 681 1265 ei
696 1212 866 1282 cogeretur,
878 1206 934 1284 qui
949 1206 1016 1266 sine
1031 1206 1188 1285 probabili
1202 1226 1294 1267 causa

517 1310 693 1370 eonomine
708 1310 845 1371 fuissent
859 1330 922 1388 quo
935 1317 1042 1371 essent
1055 1311 1138 1371 ullae
1154 1311 1293 1371 familiae

245 1426 275 1471 10
289 1396 441 1518 232¹?ss
517 1433 595 1492 quas
610 1415 678 1494 ipse
688 1416 899 1492 contingeret3
919 1406 1041 1491 deinde,
1053 1426 1089 1476 ut
1099 1417 1293 1492 ingratorum

517 1520 551 1579 in
579 1520 754 1599 principem
783 1527 974 1582 testamenta
1002 1522 1043 1582 ad
1066 1522 1178 1581 fiscum
1202 1522 1294 1600 perti-

289 1634 408 1702 nerent,
423 1646 458 1686 ac
473 1645 511 1685 ne
527 1625 654 1704 impune
669 1632 752 1686 esset
766 1626 916 1686 studiosis
931 1626 1019 1701 iuris,
1029 1627 1084 1703 qui
1095 1627 1295 1704 scripsissent

289 1732 340 1792 vel
354 1732 528 1791 dictassent
542 1749 595 1805 ea3
617 1735 692 1790 tunc
711 1736 748 1789 nt
765 1730 832 1806 lege
852 1730 1028 1791 maiestatis
1048 1730 1134 1790 facta
1148 1731 1294 1808 dictaque

289 1837 403 1911 omnia,
432 1836 546 1913 quibus
573 1835 667 1895 modo
694 1835 816 1896 delator
842 1855 906 1895 non
941 1836 1073 1911 deesset,
1101 1842 1292 1895 tenerentur.

245 1959 273 2004 15
289 1941 462 2001 Revocavit
489 1946 521 2000 et
548 1940 689 2018 praemia
721 1959 913 2015 coronarum,
942 1959 1022 2018 quae
1050 1958 1198 2017 umquam
1231 1940 1295 2008 ,sibi

288 2046 434 2107 civitates
461 2045 495 2104 in
523 2044 745 2105 certaminibus
779 2045 976 2105 detulissent.
1033 2046 1076 2105 Et
1103 2064 1173 2105 cum
1201 2045 1294 2105 inter·
1403 2105 1406 2109 .

289 2151 423 2212 dixisset
450 2169 542 2209 usum
566 2148 775 2228 amethystini
799 2168 834 2209 ao
859 2150 950 2227 Tyrii
975 2149 1097 2226 eoloris,
1123 2150 1295 2211 summisis-

289 2262 398 2333 setque
424 2256 479 2333 qui
502 2254 715 2313 nundinarum
739 2254 791 2313 die
819 2253 969 2332 pauculas
997 2255 1105 2314 uncias
1133 2255 1292 2330 venderet,

289 2360 459 2440 praeclusit
486 2364 614 2419 cunctos
642 2359 861 2435 negotiatores.
904 2359 986 2430 Quin
1014 2360 1110 2419 etiarn
1139 2359 1221 2420 inter
1248 2378 1295 2419 oa

243 2483 273 2528 20
289 2450 427 2526 nendum
448 2465 698 2525 animadversam
722 2469 901 2523 matronam
925 2464 959 2522 in
984 2464 1172 2542 spectaculis
1194 2465 1294 2524 vetita

289 2590 427 2650 purpura
440 2569 558 2629 cultam
572 2569 803 2629 demonstrasse
818 2569 1071 2646 procuratoribus
1086 2570 1152 2628 suis
1166 2569 1292 2645 dicitur,

289 2678 523 2752 detractamque
545 2674 619 2733 ilico
640 2693 703 2733 non
723 2680 811 2734 veste
834 2674 926 2733 modo
950 2674 1005 2733 sed
1030 2679 1062 2733 et
1083 2673 1173 2733 bonis
1195 2674 1291 2734 exuit.

288 2781 380 2842 Nulli
397 2779 556 2855 delegavit
574 2778 709 2839 officium
727 2786 845 2838 utnon
867 2778 1020 2838 adiceret:
1043 2779 1112 2838 Scis
1129 2783 1203 2853 quid
1219 2782 1295 2839 milii

289 2908 363 2964 opus
392 2888 452 2945 sit!
484 2891 517 2944 et
545 2887 614 2944 Hoc
641 2905 775 2963 opernm,
804 2904 840 2943 oo
876 2889 944 2959 quis
979 2889 1138 2959 quicquum
1167 2886 1294 2943 lrabeat!

243 3009 272 3053 25
288 2992 413 3054 Ultimo
441 2990 570 3068 templis
596 2991 808 3068 compluribus
837 2990 920 3073 dona
948 2990 1087 3049 detraxit
1115 2988 1295 3049 simulacra·

289 3117 349 3176 que
363 3117 402 3158 ex
422 3116 497 3157 auro
516 3096 567 3156 vel
586 3102 715 3172 argento
737 3095 892 3156 fabricata
910 3094 1066 3170 conflavit,
1081 3094 1116 3152 in
1135 3094 1175 3154 iis
1196 3096 1295 3154 Pena-

287 3206 369 3265 tium
391 3205 529 3278 deorum,
552 3223 631 3280 quae
651 3223 723 3263 mox
746 3203 847 3264 Galba
868 3185 1016 3262 restituit,

328 3309 504 3370 Parricidia
517 3314 550 3368 et
564 3310 673 3370 caedes
691 3329 710 3370 a
724 3308 857 3370 Claudio
871 3327 999 3368 exorsus
1014 3313 1080 3382 est3
1103 3307 1193 3368 cuius
1207 3309 1294 3369 necis
1309 3318 1346 3368 33

287 3463 403 3510 Mem
515 3417 575 3477 etsi
590 3436 652 3476 non
672 3423 788 3492 auctor,
804 3423 837 3476 at
855 3417 997 3475 conscius
1017 3415 1089 3490 fuit,
1111 3434 1213 3492 neque
1234 3414 1295 3474 dis-

168 3535 171 3540 ’
243 3532 272 3576 30
288 3538 446 3584 committed:
516 3525 709 3597 simulanter,
725 3529 761 3582 ut
776 3524 830 3600 qui
844 3523 972 3597 boletos,
985 3522 1019 3582 in
1030 3541 1092 3599 quo
1103 3523 1167 3583 eibi
1181 3542 1294 3599 genere

288 3612 407 3659 ⁰¹⁸⁰ffi¹¹⁸
515 3648 671 3689 venenum
694 3627 722 3687 is
744 3633 914 3704 acceperat,
931 3627 1022 3704 quasi
1041 3628 1168 3687 deorum
1189 3629 1294 3689 cibum

288 3736 418 3815 posthac
437 3733 602 3813 proverbio
625 3733 744 3793 Graeco
764 3731 952 3791 conlaudare
975 3731 1017 3791 sit
1036 3731 1158 3792 solitus.
1202 3733 1295 3795 Certe
