2984 4359
296 257 360 321 110
398 268 428 320 c.
451 268 609 319 susrour
627 267 857 329 rainerum
875 268 925 318 nu
944 268 1035 318 vrrs
1055 269 1257 319 cansasnu

294 439 428 519 pulvino
440 459 474 501 se
488 440 668 518 proferente
683 440 871 501 conterritos
887 440 1050 518 refugisse.
1093 440 1178 511 Quae
1193 440 1301 501 fabula

295 553 404 607 exorta
417 551 475 618 est,
490 546 655 623 deprensis
677 545 809 605 inlecto
828 546 896 606 eius
916 546 1034 605 circum
1054 545 1221 606 cervicalia
1240 565 1301 606 ser·

294 650 399 730 pentis
413 650 554 725 exuviis3
576 669 655 728 quae
673 657 780 710 tamen
794 670 905 711 aureae
922 650 1065 711 armillae
1084 670 1124 710 ex
1136 651 1299 711 voluntate

296 756 404 816 matris
432 754 569 816 inclusas
593 756 705 815 dextro
728 755 857 815 brachio
880 756 1016 832 gestavit
1040 756 1243 833 aliquamdiu,
1263 776 1299 817 ac

262 871 279 917 o
294 861 399 921 taedio
413 861 541 921 tandem
557 867 716 921 maternae
731 861 900 921 memoriae
920 861 1043 935 abiecit,
1058 880 1229 940 rursusque
1249 880 1300 921 ex·
1343 935 1346 940 g

294 966 404 1026 tremis
419 966 485 1027 suis
499 967 591 1027 rebus
606 967 727 1026 frustra
740 965 894 1044 requisiit

335 1073 436 1132 Tener
449 1071 553 1131 adhuc
566 1072 700 1131 necdum
714 1078 839 1132 matura
851 1071 989 1150 pueritia
1005 1072 1196 1134 circensibus
1214 1071 1298 1132 ludis
1311 1084 1328 1136 7

295 1176 420 1237 Troiam
435 1176 689 1237 constantissime
704 1176 985 1256 favorabiliterque
998 1177 1085 1237 lusit.
1122 1177 1299 1239 Undecimo

294 1282 408 1343 aetatis
425 1301 507 1342 anno
523 1300 543 1341 a
557 1281 690 1343 Claudio
707 1282 875 1359 adoptatus
892 1288 941 1343 est
956 1282 1147 1360 Annaeoque
1165 1283 1297 1342 Senecae

250 1397 279 1443 10
295 1387 357 1447 iam
372 1394 448 1447 tunc
459 1386 596 1447 senatori
613 1386 646 1445 in
660 1386 861 1465 disciplinam
876 1388 1023 1448 traditus.
1065 1389 1195 1463 Ferunt,
1211 1389 1299 1448 Sene

294 1512 362 1553 cam
383 1491 527 1572 proxima
549 1498 641 1552 nocte
665 1492 770 1552 visum
794 1492 855 1552 sibi
872 1512 929 1571 per
951 1492 1089 1570 quietem
1115 1493 1148 1554 C.
1174 1493 1299 1554 Caesari

296 1598 482 1677 praecipere,
498 1603 530 1657 et
545 1597 639 1657 fidem
656 1598 778 1658 somnio
797 1598 883 1657 Nero
903 1598 991 1658 brevi
1004 1598 1091 1674 fecit,
1106 1600 1233 1676 prodita
1246 1599 1300 1658 im·

294 1704 447 1764 manitate
469 1709 600 1763 naturae
628 1703 742 1782 quibus
770 1703 906 1782 primum
934 1703 1039 1782 potuit
1066 1704 1297 1782 experimentis.

294 1810 439 1886 Namque
454 1808 673 1868 Britannicum
692 1810 833 1884 fratrem,
853 1808 937 1887 quod
955 1828 989 1869 se
1007 1818 1080 1887 post
1100 1810 1299 1888 adoptionem

250 1930 279 1976 15
295 1915 508 1975 Aenobarbum
532 1933 571 1972 ex
596 1914 822 1974 consuetudine
847 1914 1025 1988 salutasset,
1046 1923 1081 1974 ut
1105 1916 1300 1975 subditivum

295 2020 379 2098 apud
387 2025 509 2098 patrem
518 2024 784 2096 arguereoonatus
793 2025 849 2079 est.
882 2018 1139 2079 Amitamautem
1149 2019 1301 2098 Lepidam

296 2144 380 2186 ream
394 2124 577 2185 testimonio
590 2143 691 2184 coram
708 2124 829 2200 afflixit,
840 2124 1020 2200 gratificans
1032 2125 1135 2200 matri,
1147 2144 1166 2184 a
1177 2145 1240 2203 qua
1249 2144 1302 2184 rea

296 2231 502 2309 premebatur.

336 2336 498 2396 Deductus
513 2335 548 2394 in
562 2335 665 2394 forum
681 2333 744 2395 tiro
758 2335 875 2413 populo
885 2335 1089 2411 congiarium,
1103 2334 1202 2395 militi
1211 2337 1302 2396 dona-

250 2441 396 2503 nativum
412 2439 584 2518 proposuit,
599 2440 780 2517 indictaque
802 2440 985 2499 decursione
1006 2440 1217 2517 praetorianis
1239 2460 1303 2501 scu-

524 2550 593 2604 tum
608 2565 664 2605 sua
679 2564 774 2604 manu
794 2544 961 2623 praetulit3
984 2546 1058 2603 exin
1079 2545 1163 2623 patri
1184 2545 1302 2623 gratias

525 2650 558 2708 iu
588 2657 698 2710 senatu
727 2651 799 2727 egit.
846 2650 942 2727 Apud
974 2650 1106 2709 eundem
1143 2650 1303 2712 consulem

297 2775 355 2835 pro
376 2755 624 2815 Bononiensibus
646 2756 768 2830 Latine,
784 2775 841 2833 pro
862 2755 996 2815 Rhodiis
1018 2762 1113 2833 atque
1132 2755 1303 2816 Iliensibus

298 2861 416 2921 Graece
435 2862 531 2920 verba
553 2860 639 2920 feeit.
682 2861 875 2938 Auspioatus
900 2867 949 2920 est
973 2866 1006 2920 et
1030 2861 1108 2921 iuris
1133 2860 1302 2920 dictionem

252 2981 282 3028 ro
298 2966 477 3045 praefectus
503 2966 572 3026 urbi
598 2985 685 3025 sacro
709 2967 904 3040 Latinarum,
924 2966 1134 3026 celeberrimis
1162 2966 1304 3044 patronis

298 3092 361 3132 non
379 3071 552 3132 tralaticias
572 3078 608 3131 ut
627 3071 743 3132 assolet
766 3078 798 3132 et
822 3073 936 3147 brevis,
951 3074 1007 3133 sed
1031 3073 1185 3132 maximas
1210 3072 1305 3150 pluri-

299 3196 427 3254 masque
463 3177 690 3254 postulationes
724 3178 869 3237 certatim
904 3177 1127 3254 ingerentibus,
1160 3177 1305 3256 quamvis

299 3283 503 3343 interdictum
518 3303 536 3343 a
551 3283 683 3345 Claudio
697 3289 788 3343 esset.
832 3286 900 3343 Nee
919 3283 1019 3343 multo
1039 3291 1112 3362 post
1127 3284 1220 3345 duxit
1233 3304 1307 3345 uxo

300 3407 364 3448 rem
387 3389 560 3463 Octaviam,
576 3388 738 3466 ediditque
760 3408 817 3465 pro
837 3389 949 3449 Claudi
972 3388 1073 3448 salute
1097 3390 1252 3453 circenses
1274 3396 1306 3451 et
1376 3388 1377 3392 ’

254 3509 284 3554 30
300 3493 506 3554 venationem.

342 3599 569 3677 Septemdecim
585 3608 677 3659 natus
692 3618 799 3672 annos,
815 3605 851 3659 ut
866 3600 905 3659 de
920 3600 1052 3661 Claudio
1066 3600 1171 3679 palam
1187 3601 1306 3663 factum
1321 3610 1338 3661 8

301 3709 358 3777 est,
368 3703 451 3763 iuter
462 3703 571 3762 horam
586 3709 707 3763 sextam
722 3704 950 3787 septimamque
965 3706 1118 3783 prooessit
1132 3706 1172 3766 ad
1186 3706 1309 3768 excubi-

296 2610 342 2657 llir
352 2609 433 2669 youth
