2984 4359
298 269 339 334 34
375 282 404 334 c.
431 282 587 335 suarem
609 284 838 347 rauuourmr
860 286 910 336 na
931 285 1021 336 vrrs
1045 284 1248 336 CAESARUM

296 474 355 516 nae
382 461 415 516 et
441 457 540 534 pueri.
593 457 787 518 Immaturae
815 458 947 536 puellae,
973 458 1049 536 quia
1073 477 1157 518 more
1184 457 1303 517 tradito

295 561 385 622 nefas
400 567 485 622 esset
499 562 638 639 virgines
653 562 853 639 strangulari,
866 564 997 624 vitiatae
1012 564 1099 642 prius
1114 583 1132 623 a
1146 562 1302 637 carnifice,

295 667 369 728 dein
381 667 605 745 strangulatae.
648 668 731 729 Mori
745 668 925 729 volentibus
939 669 988 729 vis
1007 669 1151 729 adhibita
1164 668 1300 727 vivendi.

295 774 378 835 Nam
408 781 542 839 mortem
570 774 649 834 adeo
676 774 745 834 leve
778 773 967 852 supplicium
1002 775 1142 853 putabat,
1167 779 1204 833 ut
1231 794 1302 833 cum

263 896 279 941 a
295 880 436 940 audisset
452 899 551 939 unum
565 898 582 939 e
596 880 668 954 reis,
684 879 855 940 Carnulum
869 879 1004 955 nomine,
1019 880 1208 958 anticipasse
1222 899 1301 955 eam,

295 986 537 1047 exclamaverit:
563 986 714 1046 Cornutus
727 1005 775 1045 mc
789 989 891 1044 ecaasst.
934 986 977 1045 Et
994 985 1027 1044 iu
1044 985 1301 1061 recognoscendis

295 1091 447 1170 custodiis
461 1090 604 1170 precanti
618 1090 742 1150 cuidam
757 1108 875 1168 poenae
889 1090 1105 1151 maturitatem
1122 1090 1300 1167 respoudit:

295 1198 441 1257 Nondum
455 1205 550 1256 tecam
565 1200 599 1255 in
612 1200 744 1273 qratiam
764 1199 849 1255 redii.
880 1169 1070 1360 &salibus
1090 1195 1155 1255 suis
1170 1195 1219 1253 vir
1232 1214 1303 1254 con-

296 1302 408 1363 sularis
429 1301 571 1375 inseruit,
592 1301 753 1377 frequenti
774 1300 881 1377 quond
954 1300 1106 1374 convivio,
1122 1300 1172 1359 cui
1186 1307 1218 1360 et
1233 1301 1302 1378 ipse
1369 1331 1376 1342 1

251 1420 279 1466 ιο
295 1407 431 1482 affuerit,
447 1406 674 1483 interrogatum
688 1424 761 1465 eum
776 1405 880 1465 subito
894 1411 926 1466 et
939 1405 1022 1465 clare
1038 1406 1205 1482 aquodam
1218 1424 1302 1496 nano
1327 1405 1427 1517 NJ

132 1547 150 1594 Α
158 1495 271 1590 ,stibi
295 1514 440 1573 adstante
464 1529 589 1571 mensae
610 1510 693 1570 inter
713 1529 850 1600 efflas,
872 1528 927 1570 our
947 1511 1103 1571 Paconius
1123 1508 1301 1570 maiestatis

144 1593 150 1650 ἶ
295 1636 366 1677 reus
381 1615 517 1676 tamdiu
531 1615 661 1690 viveret,
677 1616 785 1675 statim
800 1615 926 1692 quidem
944 1614 1152 1693 petulantiam
1173 1613 1301 1690 linguae

295 1722 485 1797 obiurgasse,
508 1725 646 1780 ceterum
667 1725 739 1799 post
760 1739 876 1798 paucos
898 1719 966 1780 dies
990 1720 1154 1797 scripsisse
1177 1719 1301 1779 senatui

294 1832 331 1886 ut
344 1826 383 1886 de
397 1844 499 1903 poena
512 1825 628 1885 Paconi
643 1844 738 1902 qnam
752 1825 887 1903 primum
904 1831 1065 1886 statueret.

250 1945 278 1990 1⁶
334 1931 437 1991 Auxit
461 1930 660 2006 intenditque
684 1931 859 2004 saevitiam,
885 1931 1088 1990 exacerbatus
1116 1930 1233 1990 iudicio
1261 1932 1300 1991 de
1315 1941 1352 1993 62

295 2042 394 2096 morte
409 2034 469 2094 filii
484 2034 534 2093 sui
548 2035 653 2093 Drusi.
692 2034 790 2105 Quem
805 2054 875 2093 cum
890 2035 998 2094 morbo
1012 2041 1044 2094 et
1058 2035 1302 2112 intemperantia

522 2138 642 2217 perisse
663 2139 868 2214 existimaret,
886 2146 919 2199 ut
933 2140 1062 2199 tandem
1083 2158 1202 2200 veneno
1224 2140 1300 2199 inte

294 2206 461 2327 ἓξὲξ,
522 2250 679 2321 remptnm
693 2244 805 2304 fraude
816 2244 951 2304 Livillae
965 2244 1072 2304 uxoris
1087 2250 1182 2321 atque
1193 2243 1300 2304 Seiani

293 2350 484 2402 themureerof
522 2349 676 2424 cognovit,
701 2368 802 2427 neque
826 2349 993 2409 tormentis
1017 2368 1119 2426 neque
1144 2350 1301 2428 supplicio

249 2467 278 2513 20
294 2428 393 2475 Drusus
522 2455 706 2531 cuiusquam
720 2455 869 2532 pepercit,
882 2454 941 2514 soli
956 2454 1029 2513 huic
1040 2454 1211 2529 cognitioni
1223 2455 1301 2515 adeo

294 2581 350 2639 per
364 2565 447 2619 totos
465 2560 532 2619 dies
551 2559 679 2619 deditus
700 2564 732 2618 et
753 2561 904 2633 intentus,
919 2565 955 2618 ut
971 2559 1184 2619 Rhodiensem
1198 2560 1302 2637 hospi-

294 2673 368 2741 tem,
392 2684 485 2743 quem
507 2664 719 2724 familiaribus
741 2664 856 2724 litteris
879 2666 1012 2724 Romam
1035 2671 1188 2739 evocarat,
1211 2665 1302 2724 adve

294 2774 378 2833 nisse
400 2771 461 2832 sibi
483 2770 673 2845 nuntiatum,
695 2770 836 2846 torqueri
856 2770 924 2830 sine
944 2789 1032 2829 mora
1054 2770 1190 2846 iusserit,
1209 2771 1300 2846 quasi

295 2877 410 2955 aliquis
432 2896 470 2936 ex
490 2875 675 2935 necessariis
700 2876 878 2952 quaestioni
899 2876 1039 2950 adesset3
1063 2874 1176 2935 deinde
1198 2894 1300 2935 errore

249 2996 278 3042 25
295 2984 426 3057 detecto,
451 2987 484 3042 et
511 2980 621 3056 occidi,
650 3000 690 3041 ne
713 2980 858 3058 vulgaret
885 2980 1041 3041 iniuriam.
1093 2980 1300 3040 Carnifioinae

295 3088 362 3149 eius
376 3087 552 3148 ostenditur
574 3086 660 3147 locus
682 3087 820 3165 Capreis,
835 3088 918 3147 unde
937 3087 1101 3147 damnatos
1121 3092 1193 3164 post
1206 3085 1302 3161 longa

295 3201 327 3254 et
357 3192 516 3270 exquisita
546 3198 702 3253 tormenta
733 3193 934 3271 praecipitari
961 3211 1063 3251 coram
1093 3211 1126 3251 se
1154 3192 1187 3250 in
1215 3210 1300 3251 mare

295 3299 431 3373 iubebat,
454 3297 630 3375 excipiente
656 3298 884 3358 classiariorum
908 3317 1003 3357 mauu
1026 3303 1057 3357 et
1082 3297 1182 3357 contis
1206 3302 1300 3373 atque

295 3404 389 3464 remis
404 3404 542 3463 elidente
555 3404 716 3477 cadavera,
731 3422 771 3462 ne
786 3404 837 3462 cui
851 3404 969 3463 residui
984 3403 1116 3481 spiritus
1132 3402 1299 3479 quicquam

251 3525 279 3570 eo
296 3511 421 3570 inesset.
478 3509 721 3584 Excogitaverat
753 3515 857 3567 autem
886 3508 968 3568 inter
1003 3527 1117 3584 genera
1143 3507 1300 3567 cruciatus

296 3616 400 3689 etiam,
429 3621 465 3673 ut
492 3613 580 3687 larga
606 3613 684 3672 meri
718 3613 844 3690 potione
877 3631 932 3691 per
960 3611 1119 3672 fallaciam
1146 3618 1300 3687 oneratos,

295 3725 424 3798 repente
447 3717 578 3776 ueretris
604 3716 760 3793 deligatis,
784 3716 982 3777 fidicularum
1010 3716 1106 3778 simul
1130 3716 1301 3794 urinaeque
