2984 4359
432 313 544 365 smne
567 312 616 367 rv.
666 313 696 365 c.
723 312 920 365 osmonte.
1141 299 1183 367 59

180 486 325 546 devotum
353 485 478 547 assidue
506 485 668 564 proscidit.
732 486 884 547 Infensus
916 487 1027 546 turbae
1061 487 1183 547 faventi

180 591 327 651 adversus
356 590 495 651 studium
524 610 625 666 suum,
654 590 860 651 exclamavit:
906 593 1029 654 (dinam
1051 594 1184 668 populus

179 697 337 757 Romanus
351 716 446 756 onom
459 700 600 756 cenriccm
614 698 754 756 liaberet!
778 697 919 775 Cumque
931 696 1092 764 Tetrinius
1103 696 1185 757 latro
1267 759 1274 776 p

179 802 399 879 postularetur,
411 810 439 861 et
449 806 502 877 qni
507 804 703 878 postularent,
721 804 869 861 Tetrinios
879 821 941 861 esce
952 802 1006 862 ait.
1049 802 1184 863 Retiarii

178 906 311 967 tunicati
333 906 472 985 quinque
493 926 623 967 numero
644 907 797 984 gregatim
819 907 1006 968 dimicantes
1028 908 1096 968 sine
1123 917 1215 968 cer-c

179 1013 293 1072 tamine
305 1011 372 1071 ullo
383 1011 516 1071 totidem
528 1011 721 1072 secutoribus
734 1012 978 1088 succubuerant3
1001 1031 1070 1073 cum
1084 1013 1184 1073 occidi

179 1117 368 1192 iuberentur,
390 1137 473 1178 unus
500 1122 663 1196 resumpta
691 1117 817 1177 fuscina
846 1137 954 1178 omnes
978 1119 1113 1178 victores
1141 1118 1185 1178 in-

178 1223 322 1283 teremit:
351 1223 433 1283 hanc
446 1229 483 1283 ut
496 1223 746 1283 crudelissimam
761 1223 887 1283 caedem
900 1230 933 1283 et
943 1222 1071 1283 deflevit
1081 1223 1185 1283 edicto

132 1335 165 1385 31
178 1335 209 1388 et
223 1348 285 1404 eos,
301 1328 357 1405 qui
378 1334 520 1407 spectare
538 1328 774 1403 sustinuissent,
790 1334 971 1389 exsecratus
991 1335 1048 1388 est.
1089 1329 1184 1399 Queri

179 1434 273 1495 etiam
296 1433 403 1512 palam
427 1434 466 1493 de
491 1432 671 1493 conditione
695 1439 874 1511 temporum
900 1452 1026 1493 suorum
1055 1432 1184 1509 solebat,
1202 1441 1230 1486 10

179 1540 261 1617 quod
275 1538 374 1600 nullis
385 1525 618 1600 calamitatibus
630 1538 767 1617 publicis
778 1539 1025 1613 insignirentur3
1047 1538 1184 1616 Augusti

178 1645 390 1723 principatum
412 1644 500 1705 clade
513 1644 661 1721 Variana,
684 1643 791 1705 Tiberi
817 1642 910 1704 ruina
938 1643 1184 1722 spectaculorum

179 1747 278 1828 apud
298 1750 436 1811 Fidenas
472 1750 707 1811 memorabilem
746 1751 875 1825 factum,
907 1769 964 1811 suo
995 1748 1184 1809 oblivionem

178 1854 341 1915 imminere
365 1856 573 1934 prosperitate
599 1876 720 1933 rerum;
749 1863 844 1934 atque
873 1855 1047 1914 identidem
1071 1855 1186 1914 exerci-

179 1965 267 2020 tuum
296 1961 416 2035 caedes,
451 1961 578 2036 famem,
611 1961 836 2040 pestilentiam,
872 1960 1027 2035 incendia,
1062 1958 1185 2019 hiatum
1202 1968 1230 2012 1⁶

178 2065 315 2143 aliquem
330 2072 431 2126 terrae
446 2067 584 2144 optabat.

132 2182 165 2233 32
216 2172 370 2231 Animum
392 2191 516 2251 quoque
537 2171 713 2233 remittenti
734 2171 871 2250 ludoque
893 2177 926 2232 et
947 2170 1049 2250 epulis
1077 2171 1186 2230 dedito

178 2277 286 2336 eadem
300 2278 456 2337 factorum
467 2277 685 2356 dictorumque
698 2277 830 2338 saevitia
840 2278 957 2339 aderat.

179 2381 276 2459 Saepe
291 2382 326 2441 in
339 2389 508 2461 conspectu
527 2382 712 2461 prandentis
727 2382 778 2442 vel
794 2382 959 2442 comissan·
983 2357 1122 2477 mim

177 2486 220 2546 tis
234 2488 334 2548 seriae
349 2487 548 2565 quaestiones
565 2507 621 2566 per
635 2493 791 2547 tormenta
805 2487 958 2548 habeban-
1201 2495 1231 2540 20

177 2598 236 2667 tur,
259 2591 352 2652 miles
378 2592 557 2653 decollandi
583 2593 701 2653 artifex
724 2592 972 2671 quibuscumque
997 2611 1013 2651 e
1042 2593 1185 2653 custodia

178 2696 284 2775 capita
307 2699 498 2775 amputabat
541 2697 685 2759 Puteolis
715 2697 913 2757 dedicatione
944 2698 1059 2775 pontis,
1091 2716 1183 2775 quem

178 2802 391 2878 excogitatum
406 2805 496 2865 abeo
511 2802 769 2881 significavimus
784 2822 854 2862 cum
870 2802 985 2862 multos
1000 2821 1017 2862 e
1034 2802 1126 2861 litore
1141 2801 1185 2860 in-

178 2909 312 2969 vitasset
328 2907 369 2967 ad
388 2925 431 2982 se,
447 2892 575 2984 repente
595 2905 697 2966 omnis
716 2903 947 2983 praecipitavit,
963 2892 1114 2981 quosdam
1133 2922 1185 2980 gu·

136 3043 139 3050 *
178 3012 347 3073 bernacula
374 3011 646 3090 apprehendentes
675 3010 777 3071 contis
805 3008 961 3085 remisque
989 3008 1125 3068 detrusit
1151 3008 1183 3067 in
1201 3019 1230 3064 25

166 3127 271 3179 mare.
315 3119 434 3177 Romae
448 3116 574 3195 publico
595 3097 689 3194 epulo
709 3134 832 3176 servum
853 3114 892 3174 ob
906 3114 1079 3173 detractam
1094 3112 1184 3174 lectis

179 3228 357 3299 argenteam
373 3221 524 3282 laminam
539 3220 677 3281 carnifici
693 3219 861 3280 confestim
882 3218 1024 3293 tradidit,
1039 3225 1076 3278 ut
1090 3218 1186 3278 mani·

180 3328 237 3389 bus
256 3327 390 3389 abscisis
406 3333 500 3405 atque
516 3332 589 3386 ante
607 3331 716 3403 pectus
736 3344 753 3385 e
773 3323 853 3384 collo
868 3323 1086 3402 pendentibus,
1102 3342 1187 3402 prae

181 3435 309 3494 cedente
328 3432 426 3493 titulo
450 3432 505 3510 qui
530 3450 656 3491 causam
675 3449 793 3508 poenae
816 3428 979 3505 indicaret,
1003 3434 1186 3507 percoctus

181 3538 374 3616 epulantium
388 3536 680 3597 circumduceretur.
724 3534 959 3594 Murmillonem
974 3552 991 3593 e
1005 3534 1089 3608 ludo,
1105 3533 1187 3592 rudi·
1203 3546 1232 3590 ec

181 3642 238 3703 bus
252 3662 357 3704 secum
372 3642 570 3702 battuentem
580 3646 612 3700 et
628 3645 739 3718 sponte
754 3645 955 3717 prostratum,
971 3638 1114 3698 confodit
1128 3638 1188 3697 fer-

182 3765 233 3807 rea
246 3748 452 3809 sicaacmore
463 3744 617 3804 victorum
628 3762 699 3804 cum
709 3743 815 3822 palma
823 3743 1020 3804 discucurrit.
1049 3740 1188 3830 Admota
