2984 4359
372 249 377 268 ⁸
484 282 595 334 111111
618 282 671 335 111.
721 283 904 336 rmnarus.
1157 273 1199 338 29

142 464 177 515 ta
229 457 357 516 Nurum
371 454 592 534 Agrippinam,
606 460 680 534 post
693 454 801 517 mariti
816 462 947 518 mortem
965 455 1096 519 liberius
1110 457 1199 536 quid·

190 561 263 621 dam
278 566 432 638 questam,
447 579 542 620 manu
556 559 767 639 apprehendit
782 562 963 639 Graecoque
976 581 1071 622 versu
1085 563 1124 623 Si
1137 583 1198 623 1111

190 669 369 741 dominaris,
384 665 497 743 inquit,
508 667 619 743 filiola,
634 669 785 727 iniurium
799 675 825 725 te
839 670 972 743 occipere
996 707 1043 755 m,
1054 709 1189 769 mm„-

190 773 366 831 ecistimcst
394 789 451 831 neo
474 769 541 830 ullo
563 789 636 830 mox
658 789 800 832 sermone
822 771 970 849 dignatus
996 783 1084 830 mua
1093 783 1184 844 Agrip-

190 882 245 937 est
288 876 450 947 Quondam
466 894 540 937 vero
558 875 642 936 inter
661 895 769 937 cenam
791 883 972 954 porrectas
996 857 1056 918 Ph*
1211 896 1228 943 1

191 1000 223 1042 se
236 1000 331 1060 poma
344 986 470 1058 gustaro
483 1000 547 1041 non
562 1000 671 1042 ausam
688 981 786 1042 etiam
799 1001 910 1043 vocare
924 982 1029 1059 desiit,
1044 982 1196 1046 simulans

97 1129 103 1142 ,
190 1086 303 1147 veneni
323 1106 356 1148 se
375 1086 506 1147 crimine
524 1086 658 1163 accersi3
683 1106 755 1148 oum
776 1092 1007 1165 praestructum
1027 1094 1196 1168 utrumque

189 1192 333 1254 consulto
351 1197 444 1268 esset,
458 1197 495 1252 ut
512 1198 545 1253 et
561 1192 629 1271 ipse
642 1191 821 1271 temptandi
838 1193 940 1270 gratia
953 1193 1080 1255 offerret
1093 1201 1126 1256 et
1139 1195 1197 1256 illa

190 1299 281 1376 quasi
310 1297 521 1358 certissimum
546 1297 679 1358 exitium
704 1304 835 1358 caveret.
878 1298 1059 1360 Novissime
1082 1299 1196 1360 calum-

189 1402 295 1464 niatus
324 1402 417 1463 modo
446 1402 487 1463 ad
516 1408 653 1464 statuam
681 1402 820 1480 Augusti
849 1403 941 1463 modo
969 1404 1011 1464 ad
1039 1405 1195 1466 exercitus
1212 1420 1240 1466 10

189 1509 357 1585 confugere
384 1507 476 1585 velle,
504 1506 728 1569 Pandatariam
755 1508 917 1585 relegavit,
943 1509 1195 1588 conuiciantique

189 1613 312 1673 oculum
340 1632 396 1691 per
424 1612 637 1673 centurionem
664 1612 846 1674 verberibus
873 1613 1021 1675 excussit.
1072 1615 1194 1676 Rursus

188 1719 267 1779 mori
294 1718 404 1779 inedia
429 1718 613 1795 destinanti,
637 1719 784 1798 pervim
811 1738 864 1779 ore
888 1719 1026 1796 diducto,
1051 1719 1194 1788 infulciri

80 1895 85 1907 .
189 1823 292 1884 cibum
313 1823 417 1884 iussit.
460 1823 522 1884 Sed
542 1828 575 1884 et
599 1828 851 1902 perseverantem
879 1829 973 1903 atque
1000 1824 1047 1886 ita
1073 1825 1195 1886 absum·

189 1934 276 2007 ptam
303 1927 561 1990 criminosissime
588 1928 762 1990 insectatus
786 1935 937 2005 osteum
961 1929 1046 1990 diem
1070 1943 1239 2009 quoquere

189 2034 327 2095 natalem
352 2034 420 2094 eius
441 2034 525 2094 inter
546 2034 687 2095 nefastos
710 2033 910 2095 referendum
931 2036 1091 2096 suasisset.
1133 2037 1195 2096 Im-

87 2170 90 2176 f
189 2139 314 2218 putavit
328 2140 433 2216 etiam,
445 2139 529 2218 quod
539 2158 603 2199 nou
616 2140 728 2218 laqueo
739 2140 968 2217 strangulatam
979 2141 1012 2200 in
1024 2142 1193 2204 Gemonias

189 2244 352 2322 abiecerit3
375 2263 493 2323 proque
506 2244 566 2304 tali
585 2244 754 2306 clementia
769 2244 928 2323 interponi
947 2246 1106 2307 decretum
1125 2266 1194 2325 pas-

189 2370 241 2411 sus
265 2355 323 2426 est,
347 2369 410 2429 quo
431 2349 493 2411 sibi
518 2350 637 2427 gratiae
662 2355 831 2427 agerentur
855 2357 888 2412 et
915 2351 1095 2429 Capitolino
1122 2352 1192 2413 Iovi

189 2455 304 2515 donum
319 2474 358 2515 ex
372 2474 448 2516 auro
462 2459 646 2516 sacraretur,
1208 2467 1239 2513 ao

140 2572 176 2624 54
228 2561 308 2622 Cum
322 2580 362 2620 ex
376 2560 563 2621 Germanico
579 2566 645 2621 tres
661 2566 802 2639 nepotes,
821 2562 980 2622 Neronem
1000 2567 1034 2622 11
1054 2564 1190 2624 Drusum

189 2671 220 2725 et
239 2666 362 2741 Gaium,
377 2684 417 2725 ex
435 2665 539 2725 Druso
559 2684 657 2725 unum
677 2665 839 2726 Tiberium
859 2666 998 2742 haberet,
1020 2667 1192 2729 destitutus

188 2776 287 2831 morte
301 2771 470 2831 liberorum
484 2771 639 2831 maximos
649 2776 728 2831 natu
738 2771 778 2832 de
789 2772 968 2832 Germanici

188 2875 273 2953 filiis,
287 2877 444 2937 Neronem
460 2881 494 2936 et
510 2877 658 2952 Drusum,
673 2876 816 2955 patribus
836 2877 967 2938 couscri-
991 2838 1037 2886 ω’
1052 2840 1192 2899 mmm

188 2982 252 3059 ptis
272 2981 505 3042 commendavit
526 2980 672 3059 diemque
692 2981 856 3060 utriusque
877 2981 1017 3042 tirocinii
1033 2981 1192 3061 congiario
1207 2997 1236 3045 21

189 3086 290 3165 plebei
313 3087 388 3147 dato
409 3086 587 3146 celebravit.
631 3086 693 3147 Sed
715 3093 753 3148 ut
773 3087 934 3166 comperit,
958 3087 1086 3148 ineunte
1110 3107 1192 3148 anno

188 3211 244 3270 pro
263 3211 370 3253 eorum
389 3185 513 3271 quoque
530 3191 631 3253 salute
645 3192 771 3271 publice
785 3199 859 3253 vota
873 3200 1025 3271 suscepta,
1041 3193 1106 3271 egit
1121 3213 1191 3254 cum

190 3305 307 3375 senatu,
333 3319 394 3359 1111
418 3302 522 3360 debere
546 3302 623 3360 tolia
645 3303 789 3375 praemia
812 3302 905 3359 tribui
928 3302 990 3358 nisi
1013 3302 1142 3375 coopertis
1166 3309 1193 3359 et

189 3414 282 3466 111111
299 3409 468 3482 provectis:
498 3411 592 3483 etque
615 3424 654 3465 ex
676 3425 721 3480 eo,
744 3406 904 3484 patefacta
925 3405 1073 3466 interiore
1094 3404 1192 3466 animi

190 3512 237 3571 sui
247 3518 331 3589 nota,
342 3511 481 3573 omnium
493 3511 765 3573 criminationibus
776 3511 926 3573 obnoxios
937 3511 1084 3586 reddidit,
1094 3510 1193 3571 varia·
1208 3526 1238 3572 11)

190 3636 248 3695 que
268 3619 380 3679 fraude
402 3616 558 3694 inductos,
579 3623 616 3678 111
636 3623 668 3677 11
688 3617 920 3678 concitarentur
940 3618 981 3677 ad
1001 3616 1142 3677 convicia
1159 3620 1192 3676 et

189 3723 336 3785 concitati
356 3717 579 3802 proderentur,
595 3722 756 3784 accusavit
775 3741 832 3802 per
852 3722 977 3783 litteras
997 3719 1192 3783 amarissime
