2984 4359
520 270 632 321 nmen
654 269 704 323 ιι.
755 269 861 330 nnuc.
1132 255 1198 324 109

189 447 221 502 et
245 440 361 503 sororis
382 441 478 516 ioco,*
495 439 697 519 querentibus
719 439 855 501 dominis
883 440 1058 502 factionum
1079 460 1199 520 reprae-

189 547 345 608 sentanda
359 545 715 625 praemiainposterunr
726 545 841 607 sanxit.
884 546 1062 608 Maiestatis
1073 565 1197 625 quoque

189 659 221 714 et
242 651 470 713 adulteriorum
493 651 667 730 incestique
689 670 760 711 cum
782 669 886 712 sorore
914 651 1036 730 Lepida
1062 652 1120 712 sub
1148 671 1198 712 ex-

188 776 279 820 cessu
294 756 401 817 Tiberi
417 775 497 832 reus,
513 755 687 816 mutatione
701 763 876 835 temporum
889 755 992 818 evasit
1002 756 1197 835 decessitque

189 863 305 943 Pyrgis
328 863 435 924 morbo
457 880 557 939 aquae
578 861 755 938 intercutis,
778 860 904 922 sublato
924 860 991 922 filio
1011 861 1137 923 Nerone
1158 876 1228 923 erc

191 969 376 1047 Agrippina,
393 968 579 1029 Germanico
592 967 707 1044 genita

160 1082 179 1134 6
228 1076 315 1134 Nero
329 1079 424 1134 natus
439 1079 487 1133 est
501 1073 581 1133 Anti
595 1079 668 1151 post
678 1073 782 1134 VIIII
797 1091 936 1133 mensem
947 1092 1041 1151 quam
1051 1072 1197 1133 Tiberius

191 1179 334 1253 excessit,
355 1179 471 1239 XVIII
494 1177 568 1238 Kal.
590 1178 656 1238 Ian.
681 1183 807 1238 tantum
831 1178 916 1255 quod
937 1178 1097 1238 exorIente
1122 1177 1195 1255 sole,

190 1303 288 1363 paene
316 1291 353 1343 ut
380 1284 479 1343 radiis
508 1282 596 1361 prius
624 1301 719 1360 quam
745 1288 831 1343 terra
856 1282 974 1343 contin·
1066 1348 1072 1372 ‚

191 1396 324 1465 geretur.
368 1391 415 1449 De
437 1390 583 1466 genitura
602 1387 669 1448 eius
691 1387 800 1449 statim
821 1386 922 1448 multa
942 1392 974 1448 et
999 1346 1165 1394 mmm
1213 1399 1242 1444 10

190 1493 403 1554 formidolosa
417 1492 528 1553 multis
549 1493 809 1566 coniectantibus,
832 1492 994 1570 praesagio
1016 1492 1080 1552 fuit
1100 1491 1196 1553 etiam

191 1599 312 1659 Domiti
332 1598 432 1677 patris
447 1617 518 1673 vox,
532 1598 616 1659 inter
631 1597 858 1675 gratulationes
875 1598 1044 1658 amicorum
1059 1601 1197 1675 aequatis

191 1708 353 1780 quiequam
367 1723 403 1762 ea
416 1722 447 1762 ac
462 1712 489 1763 ct
499 1704 675 1781 Agrippioa
689 1706 751 1762 crisi
764 1705 935 1763 &loetabile
946 1712 973 1762 et
984 1705 1065 1762 mulo
1073 1706 1196 1779 publico

190 1812 275 1868 mcci
299 1812 442 1884 politicae.
501 1807 652 1868 Eiusdem
680 1808 806 1869 futurae
835 1807 1034 1868 infelicitatis
1071 1808 1196 1884 signnm

100 1971 103 1976 .
190 1914 320 1974 evidens
345 1913 396 1973 die
421 1912 551 1975 lustrico
579 1912 724 1990 exstitit3
758 1932 831 1973 nam
856 1913 889 1973 C.
919 1913 1042 1989 Caesar,
1067 1921 1196 1990 rogante
1213 1928 1242 1972 rc

191 2037 294 2080 sorore
309 2024 345 2079 ut
360 2018 478 2078 infanti
497 2018 582 2096 quod
598 2018 696 2078 vellet
715 2037 829 2079 nomen
847 2018 946 2093 daret,
961 2018 1089 2079 intuens
1108 2018 1197 2079 Clau·

190 2124 279 2184 diurn
293 2130 440 2202 patruum
455 2143 557 2199 suurn,
572 2143 591 2184 a
605 2144 667 2202 quo
681 2144 755 2185 mox
769 2124 911 2203 principe
926 2125 1010 2184 Nero
1029 2125 1196 2202 adoptatus

191 2236 246 2305 est,
262 2233 328 2289 eius
342 2229 470 2289 redixit
489 2233 572 2304 dare,
587 2248 688 2307 neque
705 2229 773 2307 ipse
792 2229 872 2289 serio
886 2229 942 2290 sed
962 2248 1018 2307 per
1038 2230 1149 2305 locum,
1164 2236 1197 2290 et

190 2340 379 2413 aspernante
394 2334 583 2413 Agrippina,
598 2335 682 2412 quod
696 2340 765 2394 tum
784 2334 936 2396 Claudius
956 2335 1039 2395 inter
1058 2333 1198 2397 ludibrIa

191 2439 280 2501 aulae
295 2446 371 2500 erat.
1213 2449 1244 2495 ao

231 2544 393 2605 Trimulus
415 2550 536 2623 patrem
559 2544 682 2622 amisit3
708 2545 797 2606 cuius
818 2564 858 2605 ex
878 2551 967 2622 parte
988 2545 1083 2606 tertia
1097 2544 1196 2621 heres,

191 2670 230 2711 ne
243 2650 325 2711 hanc
340 2649 468 2728 quidem
485 2650 640 2728 iutegram
660 2650 753 2728 cepit,
772 2650 925 2728 correptis
944 2670 1000 2729 per
1013 2650 1197 2710 coheredem

192 2756 306 2817 Gaium
328 2755 485 2816 universis
506 2755 604 2816 bonis.
655 2756 698 2815 Et
720 2755 853 2816 subinde
874 2762 973 2815 matre

191 2860 288 2921 etiam
318 2859 465 2937 relegata,
496 2879 595 2938 paene
629 2860 720 2939 inops
753 2866 847 2938 atque
880 2880 973 2937 egens
998 2818 1044 2865 111·
1060 2819 1188 2866 ⁰¹²ssth

191 2966 275 3045 apud
289 2965 418 3026 amitam
435 2965 586 3043 Lepidam
602 2964 742 3027 nutritus
757 2973 816 3041 est,
832 2966 889 3026 sub
908 2966 1029 3027 dnobus
1048 2967 1199 3045 paedago
1213 2983 1243 3029 aa

191 3071 238 3148 gis
260 3070 410 3132 saltatore
433 3077 527 3150 atque
548 3077 682 3132 tonsore.
732 3072 849 3133 Verum
872 3071 1004 3132 Claudio
1031 3070 1198 3150 imperium

191 3176 315 3255 adepto,
344 3195 408 3237 non
436 3176 538 3237 solum
573 3182 722 3255 paternas
755 3197 830 3256 opes
857 3176 1054 3256 reoIperavit,
1083 3178 1138 3238 sed
1166 3184 1198 3238 et

191 3281 296 3360 Crispi
311 3281 456 3343 Passieni
471 3282 577 3343 vitrici
592 3283 642 3344 sui
656 3282 831 3344 hereditate
846 3283 966 3344 ditatus
980 3289 1037 3345 est.
1086 3283 1198 3345 Gratia

191 3388 319 3466 quidem
330 3393 363 3447 et
375 3387 517 3466 potentia
524 3394 686 3449 revocatae
695 3388 922 3466 restitutaeque
933 3389 1043 3450 matris
1052 3408 1150 3467 usque
1162 3408 1198 3449 eo

191 3492 306 3569 floruit,
322 3498 359 3553 ut
373 3498 534 3554 emanaret
551 3492 584 3552 in
599 3492 722 3571 vulgus,
736 3493 850 3555 missos
871 3514 890 3554 a
910 3494 1082 3554 Messalina
1102 3513 1197 3554 uxore
1214 3506 1243 3552 ao

191 3597 314 3673 Claudi,
331 3597 387 3675 qui
402 3617 472 3657 eum
487 3589 717 3674 meridiantem‚
732 3598 824 3676 quasi
840 3598 1015 3658 Britannici
1031 3598 1196 3673 aemulum,

192 3703 439 3782 strangularent.
483 3701 635 3763 Additum
657 3703 794 3779 fabulae,
817 3689 851 3765 at
874 3702 999 3763 eosdem
1024 3703 1157 3763 dracone
1181 3721 1199 3764 e
