2984 4359
402 288 513 339 LIBER
539 289 571 339 V.
622 286 735 337 DIVUS
758 284 951 337 CLAUDIUS.
1143 271 1185 333 99

177 462 256 522 Cum
277 480 334 539 par
355 460 512 538 quoddam
535 459 654 519 mutuis
678 458 795 518 ictibus
819 456 1017 530 concidisset,
1039 454 1185 517 cultellos

177 567 238 626 sibi
259 565 407 644 parvulos
430 584 468 624 ex
490 573 623 641 utroque
643 563 729 622 ferro
749 563 783 621 in
805 582 896 622 usum
916 561 984 621 fieri
1006 561 1074 621 sine
1099 581 1186 624 mora

178 671 278 732 iussit.
325 670 490 731 Bestiariis
510 668 754 746 meridianisque
772 667 850 727 adeo
863 667 1087 743 delectabatur,
1101 674 1138 728 ut
1152 674 1185 729 et

178 777 280 855 prima
290 776 359 836 luce
371 776 411 835 ad
423 772 636 853 spectaculum
647 773 851 833 descenderet
862 779 894 833 et
903 773 1043 848 meridie,
1053 773 1185 835 dimisso

178 883 218 941 ad
241 881 407 960 prandium
434 879 559 958 populo,
585 879 774 957 persederet,
800 884 984 956 praeterque
1009 879 1215 946 destinatoss

178 989 272 1048 etiarn
294 988 356 1048 levi
378 988 545 1064 subitaque
566 987 605 1046 de
624 1004 720 1046 causa
738 986 890 1062 quosdam
911 985 1129 1061 committeret,
1145 986 1184 1046 de

179 1094 337 1153 fabrorum
352 1111 475 1171 quoque
490 1111 526 1152 ac
541 1092 757 1151 ministrorum
773 1097 866 1169 atque
881 1091 915 1151 id
929 1110 1027 1168 genus
1043 1109 1183 1168 numeru,

179 1199 205 1260 si
219 1206 414 1261 automatum
427 1199 477 1260 111
492 1218 604 1277 pegma
615 1199 665 1262 vel
680 1198 758 1276 quid
772 1198 836 1258 tale
851 1197 938 1257 aliud
952 1215 1063 1275 parum
1077 1196 1185 1258 cessis·

108 1362 112 1368 ,
178 1311 233 1365 set.
277 1305 410 1365 Induxit
430 1310 463 1365 et
482 1323 581 1364 uuum
602 1323 641 1364 ex
662 1303 969 1363 nomenculatoribus
991 1302 1065 1378 suis,
1086 1302 1131 1363 sic
1148 1307 1184 1361 ut

178 1416 244 1471 1111
257 1416 393 1487 togatus.
1202 1423 1230 1469 10

128 1530 164 1582 35
217 1516 281 1576 Sed
294 1515 376 1575 nihil
391 1533 489 1594 aeque
501 1532 596 1593 quam
610 1512 743 1575 timidus
755 1532 790 1573 ac
802 1512 948 1573 diffidens
962 1512 1034 1572 fuit.
1067 1510 1184 1573 Primis

178 1621 303 1699 imperii
317 1620 428 1682 diebus
439 1639 639 1698 quamquam,
652 1628 688 1678 ut
702 1619 852 1695 diximus,
865 1618 997 1678 iactator
1008 1616 1184 1693 civilitatis,

178 1746 278 1804 neque
291 1726 437 1786 convivia
451 1725 531 1785 inire
548 1744 643 1785 ausus
660 1731 710 1785 est
723 1724 787 1784 nisi
801 1729 837 1783 ut
854 1743 959 1802 specu·

178 1831 291 1892 latores
306 1851 378 1891 cum
392 1831 509 1891 lanceis
525 1831 763 1890 circumstarent
779 1828 958 1906 militesque
984 1807 1107 1929 {iffitg
1117 1808 1166 1854 ⁸¹²⁶

178 1937 244 1997 vice
258 1936 474 1997 ministrorum
490 1937 706 2012 fungerentur,
716 1953 817 2012 neque
832 1952 958 2010 aegrum
1203 1949 1232 1997 15

179 2061 367 2119 quemquam
388 2041 533 2102 visitavit
554 2041 616 2101 uisi
637 2040 801 2118 explorato
822 2039 909 2117 prius
932 2038 1075 2099 cubiculo
1095 2038 1187 2099 culci-

177 2147 282 2224 tisque
305 2153 337 2207 11
362 2146 510 2223 stragulis
533 2145 773 2225 praetemptatis
799 2152 831 2204 et
855 2144 1004 2205 excussis.
1051 2143 1188 2221 Reliquo
1277 2223 1280 2228 ξ

179 2259 282 2313 autem
296 2257 437 2330 tempore
450 2251 675 2312 salutatoribus
689 2257 877 2311 scrutatores
894 2269 1015 2328 semper
1030 2249 1185 2328 apposuit,

179 2365 210 2417 et
233 2357 362 2436 quidem
382 2357 526 2417 omnibus
547 2363 579 2417 et
601 2356 841 2417 acerbissimos.¹
870 2356 944 2415 Sero
969 2356 1053 2415 eni‘m
1074 2374 1110 2415 ac
1130 2355 1187 2414 vix

179 2463 310 2537 remisit,
330 2481 370 2522 ne
389 2462 526 2522 feminae
547 2461 798 2540 praetextatique
820 2460 909 2538 pueri
931 2467 963 2520 et
981 2459 1104 2538 puellae
1119 2479 1187 2520 cou-
1202 2480 1233 2526 1ο

178 2574 396 2643 tractarentur,
418 2573 512 2627 etue
534 2567 624 2627 cuius
648 2566 754 2627 comiti
776 2573 831 2626 aut
851 2565 980 2626 librario
1001 2564 1186 2625 calamariae
1284 2591 1287 2599 ·

179 2679 233 2734 aut
258 2673 456 2751 graphiariae
484 2673 593 2734 thecae
619 2672 838 2732 adimerentur.
891 2672 981 2731 Motu
1003 2670 1092 2730 civili
1116 2689 1186 2729 cum

164 2757 249 2838 ¹eum
274 2779 439 2854 Camillus,
463 2798 525 2839 non
551 2778 700 2839 dubitans
725 2778 822 2837 etiam
847 2776 927 2836 eitra
950 2775 1067 2836 bellum
1095 2793 1187 2853 posse

179 2884 300 2960 terreri,
329 2884 556 2945 contumeliosa
584 2890 615 2943 et
644 2883 759 2943 minaei
787 2887 819 2942 et
847 2881 1022 2941 contumaci
1050 2880 1188 2958 epistula

179 2990 288 3050 cedere
310 2989 443 3067 imperio
467 2990 590 3050 iuberet
614 2989 776 3066 vitamque
801 2987 931 3047 otiosam
954 2987 986 3045 in
1008 2986 1233 3063 privaturam

180 3113 279 3171 agere,
297 3094 464 3170 dubitarit,
483 3094 635 3154 adhibitis
657 3093 854 3172 principibus
870 3092 958 3167 viris,
973 3110 1013 3151 an
1034 3091 1188 3169 obtempe

133 3205 271 3264 3611111.
315 3199 619 3284 1111111111ιίηείᾶὶ11
635 3205 751 3259 temere
769 3198 891 3259 delatas
907 3197 984 3256 adeo
998 3196 1136 3274 expavit,
1151 3201 1188 3255 ut

181 3306 334 3383 deponere
369 3304 535 3382 imperium
570 3303 781 3381 temptaverit.
842 3303 990 3376 Quodam,
1022 3307 1059 3361 ut
1093 3321 1189 3381 supra

181 3411 299 3485 rettuli,
328 3429 400 3469 cum
427 3410 513 3469 ferro
546 3409 629 3469 circa
660 3408 888 3469 sacrificantem
916 3427 950 3469 se
984 3406 1187 3485 deprehenso,

182 3523 324 3576 senatum
338 3534 395 3593 per
409 3532 578 3593 praecones
593 3533 723 3592 propere
738 3512 922 3573 convocavit
941 3513 1142 3590 lacrimisque
1156 3517 1189 3572 11
1204 3537 1234 3582 30

182 3620 407 3681 vociferatione
429 3618 596 3679 miseratus
617 3626 665 3679 est
686 3618 899 3678 condicionem
920 3636 1016 3692 suam,
1036 3618 1085 3678 cni
1107 3617 1187 3677 nihil

183 3729 243 3786 tuti
263 3744 398 3805 usquam
417 3729 510 3799 esset,
525 3742 561 3783 ac
575 3723 630 3783 diu
649 3722 775 3802 publico
793 3722 955 3784 abstinuit.
999 3722 1189 3784 Messalinae
