2984 4359
449 268 560 321 urere
582 270 632 323 1v.
682 268 713 324 o.
735 268 933 324 camenas„
1154 256 1195 325 'll

181 437 392 514 plurifariam
403 440 502 518 circo,
522 441 702 503 canendiac
713 441 851 503 saltandi
861 441 1026 520 voluptate
1036 440 1082 502 ita
1091 441 1198 504 effere

180 545 286 620 batur,
307 552 346 605 ut
368 565 408 605 ne
422 544 557 624 publicis
577 546 702 624 quidem
721 546 909 626 spectaculis
926 551 1117 625 temperaret
1135 566 1197 625 quo

180 650 293 711 minus
318 657 351 710 et
373 651 521 727 tragoedo
542 652 761 730 pronuntianti
783 652 969 727 concineret,

179 763 213 817 et
236 763 369 833 gestum
393 756 558 818 histrionis
577 757 668 836 quasi
687 757 820 819 laudens
837 757 889 817 vel
908 776 972 818 cor.
996 734 1139 795 Otherpm.

180 863 292 940 rigens
312 862 419 940 palam
440 861 609 939 effingeret.
650 864 718 923 Nec
741 862 805 923 alia
823 863 862 923 de
878 881 972 923 causa
997 811 1066 858 'nst'
1211 871 1227 917 c

179 969 315 1029 videtur
338 988 375 1028 eo
400 967 460 1044 die,
484 986 547 1046 quo
570 968 674 1047 periit,
696 967 898 1046 pervigilium
924 967 1077 1029 indixisse
1102 987 1197 1046 quam

180 1079 218 1132 ut
241 1074 375 1133 initium
397 1074 431 1132 in
451 1092 595 1134 scaenam
616 1073 792 1152 prodeundi
812 1073 941 1134 licentia
957 1073 1107 1151 temporis
1130 1093 1197 1134 aus·

182 1179 356 1255 picaretur.
408 1178 550 1240 Saltabat
575 1185 680 1240 autem
707 1198 942 1258 nonnumquam
967 1179 1063 1239 etiam
1087 1185 1194 1256 noctu3

182 1290 215 1343 et
236 1286 400 1362 quondam
420 1291 485 1345 tres
508 1285 687 1346 consulares
707 1285 844 1346 secunda
861 1283 972 1361 vigilia
988 1284 1021 1343 in
1039 1284 1196 1344 Palatium

183 1390 305 1450 accitos
329 1390 491 1468 multaque
514 1397 546 1451 et
571 1396 710 1451 extrema
729 1391 899 1451 metuentis
922 1409 1015 1468 super
1037 1390 1196 1468 pulpitum
1213 1401 1243 1448 10

183 1495 374 1571 conlocavit,
390 1496 465 1556 dein
486 1502 614 1574 repente
635 1515 750 1573 magno
769 1495 918 1556 tibiarum
940 1501 972 1555 ct
993 1494 1196 1556 scabellorum

183 1602 313 1677 crepitu
331 1620 402 1660 cum
419 1600 505 1679 palla
525 1601 694 1679 tunicaque
712 1600 807 1661 talari
828 1600 976 1678 prosiluit
992 1619 1027 1660 ac
1041 1599 1197 1661 desaltato

186 1706 312 1765 cantico
337 1706 424 1766 abiit
475 1706 581 1784 Atque
606 1706 658 1766 hic
679 1710 746 1766 tarn
768 1705 880 1766 docilis
902 1706 943 1766 ad
965 1710 1067 1766 cetera
1088 1711 1197 1765 natare

187 1811 311 1870 nesciit.

137 1916 173 1965 55
228 1917 369 1986 Quorum
390 1935 465 1975 vero
488 1916 593 1976 studio
614 1922 784 1992 teneretur,
807 1915 952 1977 omnibus
976 1915 1017 1976 ad
1040 1915 1196 1976 insaniam
1213 1930 1242 1976 15

189 2020 280 2080 favit.
328 2022 520 2081 Mnesterem
544 2021 773 2098 pantomimum
795 2020 891 2083 etiam
913 2021 996 2081 inter
1018 2019 1198 2098 spectacula

189 2125 399 2201 osculabatur,
414 2144 450 2185 ac
467 2127 495 2186 si
512 2126 567 2203 qni
585 2109 722 2186 saltante
737 2144 775 2186 eo
791 2125 842 2186 vel
859 2125 972 2186 leviter

189 2231 394 2308 obstreperet,
409 2231 534 2292 detrahi
553 2231 674 2293 iussum
688 2250 784 2292 manu
799 2251 856 2292 sua
869 2230 972 2308 flagel·
996 2209 1148 2343 ffiffiff’
1158 2207 1185 2256 ⁰¹

190 2334 284 2396 labat.
328 2336 439 2421 Equiti
453 2337 597 2397 Romano
610 2336 820 2397 tumultuanti
835 2355 890 2413 per
904 2354 972 2395 cen-

191 2440 347 2500 turionem
366 2441 576 2516 denuntiavit,
592 2441 693 2502 abiret
712 2441 781 2501 sine
797 2460 883 2501 mora
897 2440 1019 2502 Ostiam
1033 2441 1198 2519 perferret
1212 2455 1243 2500 20

191 2564 251 2622 que
278 2547 319 2606 ad
345 2546 562 2606 Ptolemaeum
591 2565 696 2624 regem
721 2545 755 2606 in
782 2545 1009 2606 Mauritaniam
1036 2545 1197 2607 codicillos

191 2669 279 2728 suos,
302 2671 435 2729 quorum
454 2651 632 2730 exemplum
653 2658 736 2713 erat:
758 2654 804 2713 Er·
817 2671 905 2728 quero
918 2656 990 2711 istoc
1008 2655 1088 2727 mici,
1104 2671 1197 2727 neque

190 2758 261 2815 boni
287 2761 450 2833 quicquum
477 2777 572 2834 neque
596 2761 672 2818 moli
692 2760 823 2835 feceris!
863 2757 1017 2818 Thraeces
1045 2757 1197 2836 quosdam

190 2862 359 2922 Germanis
373 2863 512 2941 corporis
528 2862 711 2924 custodibus
725 2862 914 2941 praeposuit.
958 2856 1210 2922 Mur‘millonum'

191 2973 364 3029 armaturas
379 2968 500 3029 recidit.
539 2969 690 3030 Columbo
701 2970 824 3045 victori,
839 2969 951 3030 leviter
965 2975 1070 3029 tamen
1082 2968 1196 3044 saucio,
1213 2978 1242 3023 25

190 3091 345 3133 venenum
373 3074 407 3132 in
434 3074 562 3152 plagam
586 3076 719 3152 addidit,
740 3076 825 3153 quod
849 3096 889 3137 ex
912 3094 949 3136 eo
976 3074 1197 3135 Columbinum

190 3177 364 3255 appellavit
387 3178 446 3258 (sic
468 3188 552 3241 certe
577 3181 661 3241 inter
687 3181 753 3242 alia
772 3200 893 3242 venena
920 3180 1079 3270 scriptum*
1098 3181 1138 3240 ab
1161 3197 1198 3241 eo

189 3289 348 3361 repertum
362 3288 443 3364 est),
465 3284 611 3364 prasinae
632 3287 765 3348 factioni
785 3286 831 3347 ita
852 3287 996 3347 addictus
1013 3291 1045 3346 et
1061 3285 1196 3362 deditus,

189 3394 224 3447 ut
252 3395 379 3450 cenaret
406 3390 441 3449 in
469 3391 593 3452 stabulo
622 3392 746 3453 assidue
774 3398 806 3452 et
834 3397 982 3452 maneret.
1038 3391 1197 3469 Agitatori

187 3494 335 3575 Eutycho
357 3495 578 3555 comissatione
600 3496 734 3573 quadam
753 3496 787 3555 in
807 3495 1006 3573 apophoretis
1020 3496 1117 3557 vicies
1137 3514 1199 3556 ses·
1211 3503 1243 3552 'ao

186 3601 317 3661 tertium
340 3599 485 3660 contulit.
529 3599 667 3660 Incitato
687 3619 776 3677 equ0,
798 3601 886 3661 cuius
908 3620 1002 3662 causa
1017 3601 1120 3679 pridie
1142 3600 1198 3660 cir-

185 3725 305 3782 censes,
331 3724 372 3765 ne
396 3703 633 3781 inquietaretur,
655 3703 791 3765 viciniae
815 3704 976 3766 silentium
999 3724 1055 3783 per
1078 3704 1197 3765 milites
