2984 4359
311 245 355 308 40
389 256 420 307 c.
445 255 602 307 suarem
623 254 852 317 TRANQUILLI
875 254 925 305 un
945 253 1037 305 vrrs
1060 253 1264 306 causacum

312 428 582 508 apprehendisset,
596 427 784 490 existimans
804 431 977 506 temptatas
991 426 1031 488 ab
1044 445 1081 488 eo
1094 445 1200 503 venas,
1223 445 1319 488 rema-

312 552 385 594 nere
414 553 451 595 ao
478 534 657 594 recumbere
693 533 838 594 hortatus
866 537 924 607 est,
953 550 1124 611 cenamque
1150 532 1316 611 protraxit.

312 640 380 700 Nec
401 639 556 700 abstinuit
577 639 803 700 consuetudine
817 638 896 717 quin
910 644 986 699 tunc
1005 657 1128 717 quoque
1146 638 1269 715 instans
1284 638 1319 697 in

313 744 415 805 medio
436 743 584 818 triclinio,
607 750 730 805 astante
752 743 872 820 liotore,
894 743 1037 819 singulos
1058 742 1162 803 valere
1183 743 1317 804 dicentis

281 868 296 912 t
313 850 495 929 appellaret.
538 850 673 910 Interim
687 869 758 910 cum
773 850 806 909 in
822 849 901 911 actis
915 855 1044 910 senatus
1058 848 1196 924 legisset,
1212 848 1318 908 dimis-
1332 857 1369 910 73

313 975 363 1017 sos
381 974 417 1016 ac
433 974 473 1014 ne
489 955 615 1016 auditos
633 955 762 1033 quidem
782 955 934 1033 quosdam
951 974 1029 1029 reos,
1045 955 1083 1015 de
1101 955 1214 1032 quibus
1231 953 1318 1014 strio

312 1060 371 1119 tim
391 1065 422 1119 et
441 1059 524 1119 nihil
542 1060 631 1120 aliud
649 1079 743 1138 quam
762 1060 940 1120 nominatos
957 1059 997 1119 ab
1016 1058 1120 1119 indice
1140 1058 1317 1137 scripserat,

313 1184 369 1244 pro
384 1170 564 1243 contempto
579 1184 612 1225 se
626 1164 770 1225 habitum
785 1165 923 1225 fremens
938 1169 1079 1243 repetere
1095 1164 1319 1243 Capreasque

313 1289 375 1348 quo
396 1270 489 1330 uredo
510 1270 693 1345 destinavit,
707 1290 771 1330 non
791 1275 908 1329 temere
930 1270 1097 1347 quicquam
1118 1268 1181 1329 nisi
1195 1287 1234 1328 ex
1248 1272 1318 1327 tuto

268 1389 298 1434 10
313 1377 455 1435 ausurus.
467 1393 478 1452 χ
499 1376 561 1435 Sed
582 1375 824 1453 tempestatibus
845 1384 879 1435 et
899 1375 1135 1451 ingravescente
1156 1374 1190 1433 vi
1217 1373 1318 1433 morbi

469 1467 478 1476 ⁴
539 1486 691 1556 retentus,
705 1479 801 1559 paulo
814 1485 887 1558 post
900 1479 980 1540 obiit
994 1479 1028 1538 in
1041 1478 1122 1539 villa
1134 1478 1317 1553 Lucullana,

312 1544 396 1591 Mn
538 1592 649 1647 octavo
670 1591 703 1645 et
723 1584 956 1664 septuagesimo
976 1584 1090 1644 aetatis
1111 1602 1202 1658 anno,
1223 1582 1319 1643 tertio

313 1698 345 1752 et
360 1692 510 1753 vicesimo
530 1691 664 1770 imperii,
684 1691 783 1751 XVII
797 1690 871 1749 Kal.
886 1690 965 1767 Apr.
980 1689 1035 1748 (ln.
1051 1687 1222 1748 Acerronio
1243 1688 1320 1748 Pro-

313 1798 392 1874 culo,
408 1798 441 1859 G.
458 1796 572 1857 Pontio
586 1796 723 1872 Nigrino
736 1815 836 1856 conss.

269 1914 297 1960 15
354 1904 437 1963 Sunt
445 1901 500 1981 qui
509 1907 632 1980 putent,
642 1920 797 1961 venenum
808 1901 960 1961 eiaGaio
970 1901 1080 1961 datum
1091 1901 1212 1961 lentum
1224 1906 1320 1977 atque

313 2007 491 2084 tabificum
503 2006 569 2082 alii,
579 2007 614 2065 in
624 2006 808 2066 remissione
819 2005 970 2066 fortuitae
980 2006 1079 2066 febris
1089 2006 1193 2066 eibum
1202 2005 1321 2066 deside·

313 2156 420 2204 Rumor·
430 2153 456 2203 οἳ
541 2111 625 2172 ranti
637 2116 800 2187 negeturn3
815 2110 970 2186 nonnulli,
981 2111 1148 2189 pulvinum
1159 2110 1319 2187 iniectum,

278 2205 285 2220 ’
313 2231 425 2278 uolones
543 2236 615 2279 cum
635 2222 811 2277 extractum
833 2216 895 2277 sibi
917 2216 1075 2277 deficienti
1097 2215 1226 2277 anulum
1247 2236 1320 2276 mox

314 2306 375 2352 ‘¹⁰¹¹‘
385 2305 437 2350 '¹¹³²
542 2322 730 2401 resipiscens
746 2321 939 2399 requisisset.
984 2322 1101 2382 Seneca
1114 2340 1185 2382 eum
1200 2321 1319 2398 scribit,

269 2446 298 2492 20
314 2431 477 2493 intellecta
491 2428 676 2504 deiectione,
692 2432 874 2505 exemptum
888 2426 1018 2487 anulum
1032 2426 1125 2505 quasi
1145 2426 1241 2487 alicui
1260 2433 1321 2487 tra

315 2537 455 2597 diturum
469 2553 636 2615 parumper
650 2533 800 2607 tenuisse,
812 2532 888 2592 dein
901 2551 1009 2593 rursus
1023 2538 1149 2610 aptasse
1163 2532 1274 2609 digito,
1289 2540 1322 2593 et

315 2661 492 2721 compressa
507 2641 637 2702 sinistra
650 2659 745 2699 mauu
760 2637 894 2698 iacuisse
908 2637 964 2697 diu
984 2637 1193 2715 immobilem3
1216 2637 1322 2698 subito

315 2748 434 2809 vocatis
456 2746 610 2806 ministris
631 2764 667 2805 ac
687 2744 813 2804 nemine
840 2743 1058 2822 respondente,
1080 2742 1320 2817 consurrexisse,

315 2871 372 2913 nee
386 2851 494 2931 procul
510 2871 529 2912 a
542 2850 658 2911 lectulo
674 2848 894 2909 deficientibus
909 2848 1030 2908 viribus
1045 2847 1226 2909 concidisse.

270 2970 299 3016 25
358 2958 508 3037 Supremo
522 2955 622 3017 natali
636 2975 694 3017 suo
707 2955 891 3034 Apollinem
907 2954 1104 3014 Temenitem
1124 2959 1158 3014 et
1177 2953 1323 3033 amplitu·
1336 2962 1373 3015 74

316 3064 401 3125 dinis
418 3068 450 3124 et
470 3061 548 3123 artis
567 3060 710 3136 eximiae,
729 3061 894 3121 advectum
918 3058 1082 3138 Syracusis
1102 3064 1139 3119 ut
1159 3058 1194 3118 in
1214 3058 1324 3119 biblio

546 3167 639 3227 theca
649 3166 762 3245 templi
771 3167 845 3226 nori
856 3173 1033 3245 poneretur,
1043 3165 1168 3226 viderat
1176 3184 1232 3244 per
1240 3165 1324 3243 quie

544 3281 609 3335 tem
628 3275 834 3336 affirmantem
857 3276 1005 3351 sibinen
1026 3294 1117 3354 posse
1139 3293 1172 3334 se
1193 3274 1233 3334 ab
1254 3272 1324 3351 ipso

546 3380 692 3441 dedicari.
734 3382 779 3440 Et
794 3387 867 3442 ante
886 3400 1000 3459 paucos
1018 3401 1113 3460 quarn
1133 3379 1235 3440 obiret
1256 3379 1324 3440 dies

272 3501 301 3547 30
317 3485 413 3546 turris
435 3486 535 3548 Phari
555 3494 656 3550 terrae
677 3494 765 3549 motu
786 3489 915 3568 Capreis
943 3488 1089 3549 concidit.
1132 3489 1181 3550 Ao
1207 3485 1325 3548 Miseni

317 3591 398 3654 cinis
414 3613 431 3654 e
446 3593 558 3655 favilla
576 3600 608 3654 et
629 3594 814 3656 carbonibus
836 3595 875 3654 ad
897 3594 1128 3655 calfaciendum
1149 3592 1325 3655 triclinium

317 3703 438 3779 inlatis,
462 3700 620 3761 extinctus
642 3699 705 3760 iam
733 3704 766 3758 et
793 3699 849 3758 diu
876 3698 1023 3775 frigidus,
1051 3699 1169 3761 exarsit
1198 3704 1326 3777 repente

316 3249 407 3297 omens
415 3260 470 3309 pre·

317 3324 409 3383 sagirm
420 3323 497 3370 death
