2984 4359
308 255 351 318 94
386 268 416 318 o.
440 267 597 318 susroru
620 267 850 329 russonum
873 268 923 318 nn
945 269 1034 318 vrrs
1058 268 1259 320 cassinum

308 457 399 499 suam
413 439 627 514 transtulerat,
640 439 763 500 senatui
777 438 924 499 reddidit.
967 440 1075 519 Lyciis
1087 441 1126 500 ob
1137 440 1310 500 exitiabiles

308 543 392 603 inter
408 562 442 604 se
460 544 631 604 discordias
654 542 835 603 libertatem
853 545 980 618 ademit,
996 545 1132 604 Rhodiis
1153 546 1192 605 ob
1211 546 1311 622 paeni-

308 649 441 709 tentiam
463 654 605 708 veterum
628 649 815 708 delictorum
836 649 985 709 reddidit.
1030 649 1208 725 Iliensibus,
1224 651 1310 728 quasi

308 756 468 815 Romanae
483 753 587 830 gentis
602 753 792 828 auctoribus,
808 753 927 814 tributa
938 754 972 813 in
983 761 1168 833 perpetuum
1183 755 1310 830 remisit,

277 882 292 926 s
308 861 440 920 recitata
455 865 558 918 vetere
573 857 712 935 epistula
726 859 847 918 Graeca
857 865 986 920 senatus
996 858 1168 938 populique
1179 861 1311 920 Romani

193 1033 196 1040 ,
308 965 437 1026 Seleuco
452 965 516 1041 regi
532 962 704 1023 amicitiam
720 969 753 1023 et
767 963 948 1023 societatem
968 964 1015 1024 ita
1028 964 1154 1024 demum
1169 965 1312 1043 pollicen-

307 1071 360 1146 tis,
375 1070 403 1130 si
425 1068 671 1145 consanguineos
687 1087 760 1128 suos
776 1067 910 1129 Ilienses
930 1069 971 1129 ab
989 1070 1074 1130 omni
1094 1089 1186 1130 onere
1205 1071 1311 1129 immu-

307 1194 363 1235 nes
394 1174 614 1254 praestitisset.
668 1173 802 1235 Iudaeos
831 1173 1002 1252 impulsore
1030 1175 1163 1236 Chresto
1187 1176 1310 1235 assidue

534 1278 759 1340 tumultuantis
783 1279 885 1340 Roma
912 1280 1043 1358 expulit.
1087 1281 1310 1341 Germanorum

535 1384 647 1461 legatis
661 1384 696 1443 in
713 1385 875 1445 orchestra
896 1386 1004 1446 sedere
1026 1386 1179 1463 permisit,
1196 1385 1311 1463 simpli-

534 1490 629 1550 citate
654 1509 761 1549 eorum
775 1495 815 1549 'et
836 1490 954 1550 fiducia
973 1498 1155 1566 commotus,
1171 1492 1255 1568 quod
1277 1492 1310 1550 in

306 1595 470 1675 popularia
491 1595 627 1669 deducti,
643 1614 713 1654 cum
736 1595 1036 1657 animadvertissent
1056 1596 1191 1657 Parthos
1211 1603 1242 1656 et
1256 1596 1311 1655 Ar-

306 1702 426 1762 menios
440 1700 580 1762 sedentis
594 1700 627 1759 in
643 1706 764 1774 senatu,
780 1700 820 1760 ad
835 1701 943 1760 eadem
963 1700 1032 1761 loca
1052 1706 1164 1778 sponte
1184 1702 1311 1762 transie-

305 1812 387 1882 rant,
404 1806 507 1865 nihilo
528 1806 712 1865 deteriorem
737 1806 889 1865 virtutem
912 1813 968 1865 aut
986 1806 1200 1866 condicionem
1224 1827 1309 1867 suam

261 1930 290 1976 15
305 1912 531 1990 praedicantes.
576 1911 767 1970 Druidarum
791 1911 974 1987 religionem
996 1912 1080 1989 apud
1099 1912 1208 1972 Gallos
1226 1912 1309 1971 dirae

301 2016 523 2091 immanitatis,
536 2023 568 2075 et
581 2022 705 2075 tantum
720 2016 843 2098 civibus
866 2016 925 2075 sub
938 2016 1082 2092 Augusto
1101 2016 1308 2092 interdictam,

305 2122 432 2201 penitus
447 2121 599 2196 abolevit3
622 2127 732 2181 contra
746 2111 835 2181 sacra
853 2121 1017 2181 Eleusinia
1030 2121 1125 2181 etiam
1139 2123 1309 2182 transferre

305 2246 346 2286 ex
369 2227 479 2287 Attica
502 2226 635 2286 Romam
664 2233 793 2286 conatus
822 2232 879 2300 est,
904 2227 1120 2305 templumque
1145 2227 1179 2286 in
1203 2228 1310 2287 Sicilia

305 2332 437 2393 Veneris
471 2332 627 2410 Erycinae
658 2337 817 2392 vetustate
850 2332 1033 2410 conlapsum
1060 2338 1097 2391 111
1124 2351 1165 2391 ex
1192 2332 1309 2392 aerario

260 2453 290 2498 1ο
305 2437 415 2515 populi
442 2438 577 2497 Romani
612 2436 800 2512 reficeretur,
829 2443 938 2497 auctor
964 2438 1036 2496 fuit.
1081 2438 1159 2498 Cum
1185 2438 1309 2514 regibus

306 2544 417 2604 foedus
431 2542 465 2602 in
480 2543 550 2602 foro
564 2542 620 2603 icit
635 2561 728 2620 porca
742 2560 833 2603 caesa
851 2561 887 2602 ac
901 2549 1005 2602 vetere
1019 2543 1177 2603 fetialium
1192 2544 1310 2622 praefa-

306 2649 390 2709 tione
411 2648 562 2709 adhibita.
606 2648 667 2707 Sed
687 2654 719 2706 et
738 2647 815 2707 haec
830 2653 862 2706 et
876 2655 980 2708 cetera
997 2655 1162 2726 totumque
1179 2649 1258 2708 adeo
1271 2667 1309 2707 ex

305 2762 394 2833 parte
422 2772 537 2830 magna
561 2752 773 2830 principatum
796 2772 861 2812 non
884 2759 948 2813 tam
975 2773 1032 2814 suo
1056 2772 1149 2831 quam
1177 2773 1309 2813 uxorum

305 2847 549 2937 libertorumque
564 2858 695 2918 arbitrio
709 2858 954 2934 administravit,
964 2858 1038 2919 talis
1049 2859 1166 2936 ubique
1177 2857 1310 2937 plerum·

259 2986 288 3031 25
305 2985 374 3045 que,
389 2966 514 3043 qualem
528 2982 597 3024 esse
612 2983 682 3022 eum
697 2968 754 3023 aut
767 2963 931 3041 expediret
945 2963 1009 3023 illis
1025 2970 1080 3024 aut
1094 2963 1214 3024 liberet.

335 1360 465 1419 Religion·

262 1403 290 1447 ¹⁰
334 1433 440 1483 reform·

346 3072 482 3149 Sponsas
503 3069 670 3129 admodum
693 3067 877 3129 adulescens
892 3069 970 3129 duas
987 3068 1117 3129 habuit:
1140 3068 1309 3129 Aemiliam
1321 3075 1356 3126 26

304 3176 456 3255 Lepidam
477 3174 616 3250 Augusti
636 3179 830 3251 proneptem,
846 3174 923 3233 item
944 3174 1067 3234 Liviam
1089 3173 1307 3248 Medullinam,

530 3278 581 3339 cui
595 3284 626 3338 et
640 3297 812 3355 cognomen
826 3279 976 3339 Camillae
991 3284 1067 3354 erat,
1088 3299 1105 3338 e
1126 3298 1238 3354 genere
1259 3297 1309 3338 an-

332 3345 470 3392 ffimm
529 3384 620 3463 tique
654 3384 819 3444 dictatoris
854 3384 991 3445 Camilli.
1045 3385 1196 3459 Priorem,
1225 3384 1307 3461 quod

258 3496 450 3569 apparentes
471 3490 537 3550 eius
552 3490 732 3565 Augustum
753 3489 957 3563 offenderant,
972 3489 1128 3565 virginem
1144 3489 1246 3549 adhuc
1265 3507 1307 3547 re

303 3596 456 3676 pudiavit,
469 3595 673 3673 posteriorem
684 3593 754 3672 ipso
765 3595 824 3670 die,
835 3594 889 3671 qui
904 3600 971 3654 erat
985 3594 1106 3672 nuptiis
1120 3595 1305 3668 destinatus,

303 3723 343 3763 ex
370 3700 551 3762 valetudine
580 3698 694 3759 amisit.
742 3701 867 3760 Uxores
891 3699 1005 3759 deinde
1030 3700 1121 3759 duxit
1148 3699 1303 3759 Plautiam
