2984 4359
308 269 372 335 134
410 282 438 333 c.
460 281 618 334 surrexi
635 280 865 344 rruucuium
884 281 935 331 mr
955 282 1046 332 vira
1067 281 1270 333 cursurum

307 472 566 533 percussoresque
575 454 772 516 summittere
781 454 938 515 exercitus
955 459 987 514 et
996 455 1174 532 provincias
1184 456 1319 532 regenti-

307 560 374 636 bus,
396 561 486 639 quasi
509 560 698 639 conspiratis
726 560 871 636 idemque
899 564 932 619 et
958 579 1056 619 unum
1084 559 1312 634 sentientibus3

532 665 688 743 quidquid
710 664 827 741 ubique
846 663 991 724 exsulum
1008 663 1163 742 quidquid
1182 663 1216 722 in
1234 664 1313 724 urbe

306 744 506 879 {mmm
532 769 695 830 hominum
720 768 955 830 Gallicanorum
984 774 1067 828 esset
1095 768 1312 829 contrucidato

275 888 291 932 c
536 875 625 956 (illos
636 893 676 934 ne
685 873 932 935 desciscentibus
943 874 1198 950 adgregarcntur,
1207 873 1266 934 hos
1275 880 1312 933 ut

306 979 445 1040 conscios
474 980 675 1059 popularium
701 998 831 1040 suorum
861 984 955 1056 atque
985 978 1158 1060 fautores),
1188 978 1310 1039 Gallias

306 1085 496 1145 exercitibus
519 1084 714 1163 diripiendas
738 1084 938 1162 permittere,
964 1088 1107 1144 senatum
1128 1082 1310 1143 universum

306 1208 427 1250 veneno
447 1209 502 1267 per
523 1190 669 1250 convivia
688 1208 816 1265 necare;
844 1189 954 1249 urbem
979 1187 1152 1263 incendere,
1177 1188 1255 1249 feris
1276 1189 1310 1247 in

306 1295 456 1374 populum
484 1294 645 1371 immissis,
673 1313 735 1376 quo
763 1294 924 1354 difficilius
954 1294 1203 1353 defenderentur.
1248 1294 1310 1353 Sed

262 1410 291 1455 10
306 1400 492 1462 absterritus
520 1419 584 1460 non
611 1406 676 1459 tam
704 1399 901 1479 paenitentia
927 1417 1022 1477 quam
1050 1397 1232 1477 perficiendi
1260 1399 1310 1458 de·

306 1506 493 1584 speratione,
521 1507 713 1583 credensque
741 1504 975 1583 expeditionem
1002 1503 1218 1578 necessariam,
1240 1522 1310 1563 oon·

306 1611 391 1671 sules
424 1618 497 1672 ante
520 1616 646 1689 tempus
667 1610 808 1690 privavit
832 1610 948 1670 honore
969 1614 1064 1687 atque
1088 1609 1122 1668 in
1143 1606 1308 1686 utriusque

305 1716 409 1777 locum
436 1717 521 1777 solus
549 1715 623 1776 iniit
650 1716 856 1791 consulatum,
871 1706 974 1793 ¹quasi
1001 1714 1099 1775 fatale
1126 1719 1218 1789 esset,
1245 1733 1308 1774 non

305 1840 397 1900 posse
419 1822 541 1883 Gallias
560 1821 710 1881 debellari
730 1821 794 1882 nisi
815 1839 834 1880 a
855 1838 889 1880 se
910 1819 1046 1880 consule.
1088 1819 1307 1897 desusceptis

260 1938 290 1984 15
305 1926 455 2003 fascibus,
470 1945 541 1987 oum
559 1932 632 2005 post
650 1926 759 2005 epulas
778 1925 919 1986 triclinio
937 1925 1160 2001 digrederetur,
1180 1924 1307 1985 innixus

305 2033 421 2093 umeris
452 2031 667 2108 familiarium,
697 2031 875 2107 affirmavit,
902 2033 993 2091 simui
1021 2050 1056 2089 oc
1079 2034 1215 2106 primam
1239 2050 1307 2106 pro

304 2141 435 2198 sicciora
458 2141 610 2215 ottiqissct
637 2142 781 2197 inermem
808 2156 839 2196 se
863 2140 896 2196 irr
920 2144 1104 2212 occeperim
1127 2140 1307 2195 ercrciiudm

307 2247 504 2320 prodituram
524 2247 761 2318 necquicquam
788 2244 875 2301 eliud
901 2261 993 2317 qoem
1013 2246 1169 2317 fleturum,
1193 2259 1307 2300 recoca-

303 2353 398 2425 iisque
421 2352 462 2408 dd
479 2351 697 2423 paenitentiam
719 2349 916 2424 defectoribus
937 2348 1104 2422 insequenti
1127 2348 1175 2404 die
1197 2348 1307 2405 loetum

257 2462 288 2509 20
304 2459 382 2513 irrier
416 2456 506 2513 laetos
541 2461 731 2512 cordatorum
766 2456 904 2528 epinicia,
933 2470 1010 2528 quoe
1044 2454 1107 2511 ium
1140 2470 1220 2510 addc
1249 2453 1308 2510 sibi

304 2562 441 2635 comperii
460 2567 612 2634 oporteret.
1334 2555 1337 2560 '

344 2666 385 2725 In
397 2662 612 2743 praeparanda
625 2662 826 2741 expeditione
840 2662 973 2740 primam
987 2679 1094 2721 curam
1108 2660 1221 2721 habuit
1233 2661 1308 2721 deli·
1320 2672 1355 2723 44

304 2771 399 2848 gandi
413 2768 558 2830 vehicula
568 2768 732 2846 portandis
743 2767 893 2828 scaenicis
908 2765 1042 2842 organis,
1058 2765 1307 2843 concubinasque

303 2871 464 2978 mmm
529 2892 607 2951 quas
636 2891 740 2933 secum
769 2872 914 2932 educeret
938 2870 1089 2930 tondendi
1117 2871 1158 2930 ad
1181 2870 1307 2930 virilem

257 2996 286 3041 25
304 2994 428 3054 rotome
529 2978 656 3038 modum
681 2986 713 3038 et
737 2979 896 3039 securibus
924 2977 1082 3056 peltisque
1106 2976 1306 3037 Amazonicis

303 3067 437 3115 Provmres
529 3083 715 3145 instruendi.
758 3085 834 3143 Mox
859 3083 960 3144 tribus
984 3083 1119 3143 urbanas
1144 3082 1184 3141 ad
1209 3099 1307 3141 sacra

303 3194 442 3247 mentum
475 3189 595 3265 citavit,
623 3209 659 3250 ac
690 3189 778 3250 nullo
809 3190 920 3250 idoneo
949 3190 1158 3268 respondente
1186 3195 1305 3248 certum

303 3293 440 3354 dominis
464 3313 624 3355 servorum
652 3314 817 3355 numerum
845 3295 980 3371 indixit;
1012 3314 1069 3355 neo
1086 3294 1149 3354 nisi
1176 3312 1216 3353 ex
1238 3299 1306 3354 tota

303 3399 453 3477 cuiusque
474 3400 597 3460 familia
620 3400 867 3478 probatissimos,
887 3420 928 3460 ne
949 3398 1218 3478 dispensatoribus
1241 3398 1305 3476 qui-

258 3518 288 3564 ao
303 3504 374 3564 dem
392 3510 447 3564 aut
461 3506 704 3565 amanuensibus
722 3505 872 3583 exceptis,
894 3506 1021 3583 recepit.
1064 3506 1191 3565 Partem
1209 3504 1303 3564 etiam

302 3628 414 3670 census
442 3628 548 3669 omnes
580 3610 704 3670 ordines
736 3611 878 3670 conferre
910 3609 1012 3684 iussit,
1041 3615 1074 3669 et
1104 3608 1234 3686 insuper
1261 3608 1304 3667 in·

303 3714 440 3792 quilinos
455 3714 650 3793 privatarum
668 3714 793 3774 aedium
818 3720 913 3792 atque
930 3713 1102 3776 insularum
1123 3712 1302 3792 pensionem
