2984 4359
306 270 348 333 26
382 281 414 332 C.
438 281 594 333 SUETONI
616 281 843 344 TRANQUILLI
866 282 915 331 ml
939 282 1030 334 VITA
1053 282 1257 335 CAESARUM

305 460 354 513 est
375 454 571 528 lacerarem
588 472 644 531 per
660 458 789 514 senatus
809 453 987 515 consultum
1005 454 1172 530 sanxisset,
1186 463 1223 516 ut
1246 457 1310 517 fae·

305 565 465 618 notatores
492 558 571 618 duas
603 558 786 635 patrimonii
819 564 925 636 partes
958 558 992 617 in
1022 559 1088 619 solo
1112 559 1310 636 collocarent,

305 663 462 722 debitores
484 662 615 722 totidem
640 662 721 721 aeris
745 661 841 721 alieni
867 663 975 723 statim
997 663 1163 740 solverent,
1182 683 1240 725 nec
1261 685 1311 726 res

305 768 523 846 expediretur3
546 766 679 826 alterum
695 767 735 827 ad
753 767 958 843 mitigandam
975 774 1151 846 temporum
1168 770 1312 831 atrocita-

273 880 377 936 otem.
419 873 510 944 Quod
526 881 632 931 tamen
652 871 837 931 beneficium
857 873 939 931 tanti
961 872 1150 948 aestimavit,
1169 881 1206 934 ut
1227 894 1312 952 rqon·

304 985 369 1038 tem
379 978 518 1039 Caelium
529 975 740 1055 appellatione
750 977 1309 1054 mutatavocariAugustumiusserit.

304 1084 403 1143 Militi
417 1088 490 1161 post
504 1082 665 1160 duplicata
679 1101 718 1141 ex
738 1081 876 1157 Augusti
895 1088 1085 1143 testamento
1107 1084 1211 1160 legata
1228 1086 1311 1145 nihil

304 1208 452 1267 umquam
467 1188 600 1264 largitus
618 1192 675 1260 est,
695 1193 914 1264 praeterquam
933 1187 1058 1263 singula
1079 1189 1170 1249 milia
1191 1190 1312 1250 denari·

305 1314 392 1354 orum
404 1293 621 1371 praetorianis
633 1293 716 1369 quod
732 1292 845 1352 Seiano
856 1311 959 1352 senon
971 1294 1267 1371 accommodassent,
1279 1302 1312 1356 et

261 1411 289 1456 10
305 1400 458 1477 quaedam
472 1416 602 1457 munera
622 1398 761 1476 Syriacis
783 1397 968 1473 legionibus,
984 1399 1067 1476 quod
1086 1399 1171 1459 solae
1190 1399 1311 1461 nullam

306 1505 411 1564 Seiani
435 1504 602 1580 imaginem
632 1504 714 1563 inter
742 1503 833 1578 signa
861 1503 1038 1564 coluissent.
1080 1506 1187 1582 Atque
1214 1507 1311 1566 etiam

304 1609 468 1670 missiones
483 1615 702 1668 veteranorum
716 1607 895 1668 rarissimas
909 1608 995 1683 tecit,
1010 1628 1049 1668 ex
1064 1610 1152 1669 senio
1169 1617 1310 1686 mortem,

305 1735 343 1775 ex
364 1720 464 1774 morte
484 1714 702 1790 compendium
723 1709 878 1791 captans
912 1714 962 1774 Ne
983 1714 1160 1792 provincias
1182 1715 1310 1793 quidem

304 1820 494 1881 liberalitate
515 1818 582 1878 ulla
601 1817 788 1893 sublevavit,
803 1824 935 1895 excepta
948 1818 1035 1893 Asia,
1050 1819 1191 1880 disiectis
1208 1827 1311 1881 terrae

260 1938 288 1982 15
304 1933 391 1986 motu
405 1923 598 1983 civitatibus.

343 2029 536 2090 Procedente
561 2046 634 2087 mox
658 2035 798 2105 tempore
822 2028 917 2087 etiam
942 2028 983 2089 ad
1007 2028 1133 2106 rapinas
1154 2031 1311 2090 convertit
1324 2040 1361 2089 49

529 2132 678 2193 animum.
732 2132 788 2192 Sat
806 2138 939 2206 constat,
959 2133 1015 2194 Cn.
1031 2133 1201 2193 Lentulum
1216 2153 1312 2211 augu-

530 2256 604 2311 rem,
630 2238 680 2297 cui
705 2256 817 2296 census
843 2237 999 2297 maximus
1028 2238 1135 2312 fuerit,
1163 2244 1251 2298 metu
1278 2248 1311 2300 et

304 2361 417 2417 angore
437 2342 477 2401 ad
496 2342 660 2402 fastidium
681 2342 766 2401 ritae
785 2341 824 2401 ab
843 2361 878 2401 eo
898 2348 1000 2402 actum
1021 2348 1053 2402 et
1067 2349 1156 2402 utne
1171 2345 1310 2420 quonisi

259 2465 289 2509 ao
304 2447 373 2523 ipso
390 2446 504 2506 herede
520 2454 707 2521 moreretur;
729 2446 966 2505 condemnatam
987 2453 1018 2506 et
1037 2448 1310 2522 generosissimam

304 2550 455 2611 feminam
474 2552 636 2628 Lepidam,
652 2552 685 2609 in
705 2550 839 2627 gratiam
857 2551 981 2620 Quirini
999 2551 1172 2612 consularis
1189 2555 1335 2629 praedi·-

304 2657 380 2715 vitis
395 2662 426 2715 et
440 2656 516 2729 orbi,
532 2656 587 2733 qui
605 2656 768 2715 dimissam
787 2674 856 2715 eam
871 2674 887 2714 e
901 2656 1101 2715 matrimonio
1121 2663 1194 2734 post
1208 2658 1310 2718 vicen-

304 2762 418 2821 simum
444 2780 559 2820 annum
585 2761 697 2818 veneni
722 2761 797 2819 olim
826 2760 858 2819 in
884 2780 917 2820 se
942 2761 1114 2838 comparati
1141 2764 1307 2839 arguebat3

303 2873 464 2944 praeterea
483 2865 657 2925 Galliarum
678 2872 710 2925 et
730 2866 957 2943 Hispaniarum
978 2866 1149 2944 Syriaeque
1169 2872 1201 2926 et
1215 2869 1309 2928 Grae·

258 2985 287 3031 25
303 2972 369 3031 ciae
388 2971 545 3048 principes
567 2971 751 3032 confiscatos
773 2971 896 3032 obtem
918 2972 986 3031 leve
1008 2991 1043 3031 ac
1064 2978 1130 3033 tam
1151 2973 1308 3050 inpudens

302 3078 529 3137 calumniarum
544 3097 651 3154 genus,
663 3084 699 3137 ut
713 3078 898 3155 quibusdam
911 3096 973 3137 non
985 3077 1073 3137 aliud
1085 3078 1128 3138 sit
1142 3079 1308 3153 obiectum,

303 3201 396 3260 quam
418 3183 502 3259 quod
522 3189 644 3261 partem
665 3184 711 3241 rei
737 3182 905 3242 familiaris
926 3182 960 3241 in
980 3183 1114 3260 pecunia
1135 3184 1306 3260 haberent3

302 3288 447 3365 plurimis
462 3289 555 3348 etiam
568 3288 751 3348 civitatibus
766 3292 797 3346 et
808 3287 942 3364 privatis
953 3293 1074 3346 veteres
1091 3288 1308 3349 immunitates

302 3393 396 3453 etius
411 3393 610 3453 metallorum
629 3410 664 3451 ac
682 3390 884 3466 vectigalium
903 3392 1066 3468 adempta;
1090 3393 1144 3451 sed
1160 3398 1192 3452 et
1206 3395 1308 3453 Vono

256 3511 286 3557 ³0
301 3517 373 3557 nem
392 3516 496 3573 regem
518 3496 716 3570 Parthorum,
737 3494 792 3572 qui
811 3494 921 3573 pulsus
939 3514 957 3554 a
976 3494 1042 3554 suis
1057 3496 1148 3572 quasi
1162 3497 1195 3556 in
1210 3497 1308 3558 fidem

301 3601 411 3681 populi
426 3601 561 3661 Romani
575 3619 645 3660 cum
657 3599 779 3676 ingenti
791 3618 867 3675 gaza
875 3598 1078 3661 Antiochiam
1092 3618 1125 3662 se
1136 3609 1306 3682 receperat,

302 3705 470 3790 spoliatum
485 3705 617 3784 perfidia
631 3710 663 3766 et
677 3703 822 3766 occisum.

304 2202 383 2251 Greed
