2984 4359
515 268 697 318 1131311.
747 266 855 318 nnnc.
1127 250 1190 315 111

185 443 277 513 tores,
293 457 364 498 cum
382 439 422 498 ob
441 437 539 498 totius
557 438 620 499 diei
637 438 799 499 diritatem
820 458 883 498 non
904 437 992 498 aliud
1006 435 1191 516 auspicandi

186 550 308 620 tempus
323 543 586 603 accommodatius
598 543 758 604 videretur
770 567 777 620 3
800 562 918 622 proque
928 542 1034 603 Palati
1042 542 1190 620 gradibus

187 648 354 726 imperator
379 647 603 723 consalutatus,
627 648 738 708 lectica
759 648 792 708 in
809 655 912 709 castra
930 653 963 708 et
988 711 1174 759 mmmm

187 753 257 813 inde
282 752 399 831 raptim
421 752 588 832 appellatis
613 753 769 813 militibus
790 754 822 811 in
844 754 962 813 curiam

187 858 309 919 delatus
324 865 381 933 est,
398 858 605 936 discessitque
620 858 683 918 iam
695 859 826 936 vesperi,
842 878 881 918 ex
892 859 1063 933 immensis,
1075 857 1189 935 quibus
1205 871 1221 918 1

186 964 411 1037 cumulabatur,
437 963 607 1024 honoribus
634 969 760 1024 tantum
788 963 887 1041 patris
916 962 1036 1042 patriae
1063 962 1190 1022 nomine

187 1077 327 1130 recusato
341 1077 468 1148 propter
482 1076 625 1130 aetatem.

158 1180 174 1229 9
225 1167 323 1235 013113
338 1174 411 1234 hinc
425 1193 444 1234 a
458 1174 586 1253 pietatis
602 1175 821 1250 ostentatione,
837 1173 1004 1236 Claudium
1020 1172 1190 1252 apparatis

187 1279 264 1340 simo
285 1281 397 1339 funere
419 1280 537 1340 elatum
558 1279 701 1340 laudavit
722 1287 754 1340 et
775 1279 976 1340 consecravit.
1019 1277 1189 1339 Memoriae

187 1384 305 1445 Domiti
325 1385 426 1463 patris
445 1385 578 1445 honores
593 1384 746 1446 maximos
761 1384 880 1445 habuit.
923 1384 1020 1444 Matri
1036 1402 1189 1444 summam
1207 1394 1236 1439 10

187 1490 324 1550 omnium
360 1510 463 1550 rernm
502 1491 697 1568 privatarum
736 1490 995 1567 publicarumque
1036 1488 1189 1567 permisit.

186 1595 292 1655 Primo
307 1595 400 1655 etiam
417 1595 541 1673 imperii
557 1596 607 1654 die
623 1595 747 1671 signum
765 1594 934 1654 excubanti
954 1594 1082 1654 tribuno
1103 1593 1190 1653 dedit

190 1700 344 1775 Optimam
361 1710 548 1774 1301103330
567 1700 714 1777 deinceps
734 1699 873 1760 ciusdem
896 1718 988 1777 saepe
1008 1699 1119 1758 lectica
1136 1717 1192 1777 per

186 1805 345 1882 publicum
368 1805 463 1866 simul
484 1812 591 1865 vectus
613 1812 669 1865 est.
719 1805 853 1865 Antium
874 1804 1026 1864 coloniam
1050 1804 1191 1878 deduxit,

187 1911 331 1987 ascriptis
355 1911 512 1971 veteranis
535 1929 552 1970 e
574 1895 731 1989 praetorio
753 1909 934 1994 additisque
959 1928 1015 1987 per
1039 1908 1192 1969 domicilii
1209 1920 1237 1966 11

186 2015 423 2077 translationem
450 2016 616 2076 ditissimis
641 2001 902 2093 primipilarium,
930 2015 985 2075 ubi
1010 2021 1042 2074 et
1066 2024 1192 2093 portum

187 2122 288 2198 operis
310 2120 578 2197 sumptuosissimi
600 2120 685 2180 fecit.

142 2239 174 2288 10
225 2226 331 2303 Atque
352 2231 389 2284 ut
409 2227 573 2285 certiorem
595 2225 697 2285 adhuc
719 2225 856 2285 indolem
878 2225 1066 2300 ostenderet,
1081 2244 1117 2304 err
1130 2225 1193 2285 An·

186 2334 264 2407 gusti
273 2334 460 2406 praescripto
472 2331 698 2408 imperaturum
713 2350 746 2391 se
761 2331 931 2408 professus,
944 2348 1046 2407 neque
1061 2330 1195 2390 liberali-

188 2436 261 2495 tatis
276 2454 378 2516 neque
393 2436 586 2509 clementiae,
603 2455 642 2495 ne
664 2436 823 2496 comitatis
838 2436 965 2512 quidem
1210 2441 1239 2487 20

188 2541 383 2601 exhibendae
398 2541 498 2601 ullam
519 2542 711 2601 occasionem
731 2541 848 2601 omisit.
891 2541 967 2629 Gra
992 2513 1181 2648 {33:13⁸

187 2647 275 2706 viora
304 2646 472 2723 vectigalia
499 2655 554 2705 aut
582 2645 720 2705 abolevit
754 2653 809 2706 3111
841 2646 965 2705 minuit.

187 2752 333 2811 Praemia
347 2751 522 2811 delatorum
538 2752 655 2829 Papiae
670 2751 748 2828 legis
766 2752 807 2811 ad
827 2759 955 2828 quartas
970 2750 1101 2825 redegit.
1143 2750 1196 2809 Di-

188 2857 264 2917 visis
281 2857 398 2935 populo
413 2858 530 2917 viritim
548 2858 773 2936 quadringenis
789 2856 935 2931 nummis,
952 2861 1131 2915 senatorum
1145 2874 1197 2914 uo-

188 2962 344 3023 bilissimo
359 2963 480 3040 cuique,
492 2964 617 3023 sedare
629 2962 780 3023 familiari
794 2962 946 3022 destituto
958 2980 1062 3020 annua
1073 2960 1195 3035 salaria,
1212 2973 1241 3019 111

189 3075 221 3128 et
239 3068 430 3146 quibusdam
447 3070 614 3147 quingena,
631 3069 805 3142 constitnit,
822 3068 897 3127 item
921 3065 1129 3144 praetorianis
1151 3084 1197 3125 co

115 3179 117 3184 ’
189 3174 332 3235 hortibus
352 3176 547 3235 frumentum
562 3182 755 3234 menstruum
780 3174 960 3249 gratuitum.
1004 3172 1137 3231 Etcum
1159 3171 1197 3230 de

191 3280 346 3359 supplicio
364 3280 527 3340 cuiusdam
545 3281 647 3358 capite
667 3280 809 3339 damnati
825 3285 860 3338 ut
875 3298 912 3337 ex
929 3295 1013 3336 more
1029 3276 1199 3336 subscribe-

191 3392 238 3446 ret
261 3387 498 3447 admoneretur:
533 3386 631 3459 erom
656 3388 766 3458 vellem,
790 3384 905 3460 inquit,
929 3386 1042 3441 nescire
1066 3383 1199 3441 litteras!

192 3492 301 3552 Omnis
319 3489 446 3550 ordines
467 3490 598 3558 subinde
620 3508 655 3549 ac
677 3489 856 3548 memoriter
879 3487 1037 3547 salutavit.
1063 3478 1200 3563 'Agenti
1216 3494 1244 3539 30

193 3596 315 3658 senatui
330 3595 450 3671 gratias
464 3595 644 3671 respondit:
670 3595 746 3655 (lum
761 3613 903 3653 meruero.
944 3593 995 3650 Ad
1011 3596 1200 3669 campestres

194 3701 435 3763 exercitationes
450 3718 522 3759 suas
538 3699 666 3759 admisit
681 3707 712 3759 et
727 3699 859 3777 plebem,
875 3696 1124 3773 declamauitque
1139 3712 1202 3754 sae-
