2984 4359
463 255 575 308 alena
597 257 648 309 ru
702 258 882 311 rmnarus.
1137 246 1179 311 39

173 426 301 489 tibicine
317 426 518 507 supplicavit,
533 434 570 489 ut
583 428 638 489 ille
652 428 728 489 olim
742 429 777 488 in
791 434 891 491 morte
905 428 973 490 filii.
1031 430 1179 493 Sermone

130 545 161 596 71
175 534 292 594 Graeco
306 552 499 616 quamquam
513 533 632 611 alioqui
642 541 807 613 promptus
822 541 854 595 et
868 534 983 611 facilis,
994 555 1058 596 non
1071 543 1180 599 tamen

173 658 402 717 usquequaque
414 659 488 701 usus
505 645 563 715 eet,
576 639 793 717 abstinuitque
814 639 950 700 maxime

172 744 204 803 in
218 752 349 820 senatu3
379 744 457 804 adeo
470 744 607 823 quidem,
623 751 659 804 ut
674 744 886 823 monopolium
901 765 952 806 no
989 722 1144 859 &meh

173 850 349 911 minaturus
359 851 484 910 veniam
498 850 586 928 prius
600 850 784 928 postularet,
795 851 877 929 quod
893 851 954 912 sibi
1193 870 1209 915 c

173 957 265 1017 verbo
279 956 447 1034 peregrino
459 956 612 1016 utendum
627 961 726 1032 esset3
753 962 848 1033 atque
863 956 958 1016 etiarn
973 974 1043 1017 cum
1059 956 1092 1016 in
1107 977 1179 1035 qno

172 1060 242 1121 dam
265 1060 391 1121 decreto
411 1066 536 1139 patrum
558 1063 695 1141 ἔμβλημα
716 1060 909 1136 recitaretur,
925 1062 1178 1123 commutandam

172 1165 294 1226 censuit
315 1184 432 1241 vocem,
447 1170 479 1226 et
500 1184 557 1244 pro
577 1165 743 1243 peregrina
764 1170 936 1225 nostratem
958 1166 1178 1243 requirendam

171 1276 224 1331 aut
238 1271 267 1331 si
280 1290 345 1330 non
366 1270 564 1349 reperiretur,
580 1269 629 1328 vel
651 1269 795 1348 pluribus
816 1277 848 1330 et
869 1289 925 1348 per
945 1270 1097 1331 ambitum
1113 1290 1179 1332 ver-

170 1376 280 1436 borurn
295 1395 361 1435 rem
376 1376 610 1436 enuntiandam.
654 1375 792 1435 Militem
810 1395 943 1453 quoque,
960 1377 1077 1437 Graece
1091 1377 1179 1437 testi·
1195 1392 1224 1437 10

170 1481 312 1541 monium
327 1481 564 1557 interrogatum,
579 1480 643 1540 nisi
657 1480 773 1541 Latine
788 1479 975 1558 respondere
991 1482 1103 1541 vetuit.

125 1596 157 1649 72
209 1587 266 1646 Bis
278 1587 406 1646 omnino
415 1591 483 1646 toto
491 1604 633 1646 secessus
642 1592 782 1664 tempore
793 1585 924 1645 Romam
936 1586 1039 1646 redire
1047 1592 1177 1650 conatus

173 1692 288 1771 (semel
311 1690 440 1751 'triremi
466 1709 567 1769 usque
587 1691 628 1751 ad
649 1690 809 1770 proximos
837 1690 1041 1751 naumachiae
1070 1692 1177 1753 hortos

170 1796 512 1875 subvectus,disposita
520 1796 656 1857 statione
665 1814 721 1875 per
732 1795 1044 1874 ripasTiberis,quae
1053 1796 1177 1857 obviarn

169 1902 356 1981 prodeuntis
371 1902 579 1978 submoveret,
594 1901 709 1961 iterum
720 1900 829 1979 Appia
839 1919 938 1979 usque
953 1901 993 1961 ad
1008 1902 1177 1981 septimum
1195 1917 1223 1963 15

169 2008 323 2087 lapidem)
340 2006 395 2066 sed
416 2006 590 2085 prospectis
610 2007 703 2066 modo
723 2024 781 2066 neo
801 2004 897 2066 aditis
912 2005 1000 2066 urbis
1014 2007 1177 2084 moenibus

169 2115 278 2190 rediit,
297 2113 399 2190 primo
413 2113 568 2173 incertum
579 2131 642 2191 qua
655 2113 694 2172 de
709 2130 812 2187 causa,
828 2118 937 2190 postea
952 2118 1077 2173 ostento
1090 2115 1178 2174 terri-

168 2225 224 2281 tus.
269 2219 353 2278 Erat
363 2218 436 2278 eiin
447 2216 685 2278 oblectamentis
697 2236 826 2295 serpens
837 2217 939 2292 draco,
952 2236 1044 2295 quem
1058 2237 1097 2278 ex
1109 2238 1178 2279 con·
1197 2209 1203 2222 ’

169 2323 336 2385 suetudine
348 2342 443 2383 manu
457 2341 515 2383 sua
522 2322 682 2383 cibaturus
693 2341 764 2382 cum
776 2329 993 2400 consumptum
1006 2342 1024 2383 a
1035 2323 1177 2384 formicis

169 2430 352 2503 invenisset,
367 2427 507 2488 monitus
521 2433 620 2488 estut
636 2428 700 2487 vim
715 2426 930 2488 multitudinis
944 2439 1076 2488 caveret.
1119 2429 1178 2489 Re-
1192 2439 1222 2484 ao

168 2535 253 2596 diens
266 2552 347 2611 ergo
361 2551 493 2611 propere
507 2531 721 2611 Campaniam,
736 2532 873 2592 Asturae
887 2532 921 2591 in
936 2531 1117 2610 languorem
1133 2534 1177 2593 in-

169 2640 251 2716 cidit,
266 2658 334 2719 quo
347 2638 477 2716 paulum
490 2637 613 2698 levatus
628 2637 767 2698 Circeios
781 2637 948 2716 pertendit.

170 2745 214 2805 Ao
233 2764 272 2805 ne
291 2762 392 2822 quam
411 2742 621 2821 suspicionem
641 2741 837 2802 infirmitatis
851 2742 949 2816 daret,
986 2718 1089 2840 {21¹3ss

169 2849 381 2910 castrensibus
396 2847 481 2908 ludis
495 2867 560 2907 non
574 2852 699 2907 tantum
720 2846 878 2921 interluit,
895 2846 950 2907 sed

170 2955 260 3014 etiam
281 2953 418 3014 missurn
438 2952 472 3012 in
490 2953 640 3013 harenam
661 2970 770 3029 aprum
793 2950 905 3011 iaculis
927 2951 1062 3030 desuper
1075 2950 1173 3029 petit,
1191 2966 1222 3012 as

170 3060 338 3137 statimque
353 3058 453 3118 latere
466 3057 617 3118 convulso
631 3061 672 3132 et,
687 3062 723 3116 ut
738 3061 945 3130 exaestuaret,
961 3055 1086 3116 afflatus
1100 3075 1176 3116 aura

170 3161 202 3221 in
221 3165 400 3240 graviorem
421 3162 534 3223 recidit
554 3161 706 3222 morbum.
763 3161 960 3222 Sustentavit
988 3166 1093 3221 tamen
1121 3160 1176 3221 ali·

170 3268 325 3343 quamdiu,
356 3267 501 3346 quamvis
529 3267 688 3326 Misenum
716 3285 817 3344 usque
845 3266 994 3326 devectus
1026 3265 1107 3325 nihil
1135 3285 1174 3326 ex

170 3371 275 3432 ordine
289 3373 451 3433 cotidiano
464 3372 739 3450 praetermitteret,
756 3390 795 3430 ne
813 3370 958 3431 convivia
977 3371 1103 3449 quidem
1120 3376 1175 3431 aut

170 3482 285 3538 ceteras
300 3477 490 3555 voluptates,
505 3475 621 3555 partim
636 3474 881 3553 intemperantia
894 3476 1011 3554 partim
1031 3476 1175 3537 dissimu-
1190 3488 1220 3533 eo

169 3576 292 3640 latione.
335 3583 421 3641 Nam
443 3580 608 3642 Chariclen
628 3580 794 3655 medicum,
809 3581 902 3657 quod,
917 3585 1092 3640 commeatu
1109 3580 1175 3640 afu-

169 3688 265 3761 turus,
281 3704 298 3745 e
316 3684 463 3745 convivio
481 3685 645 3761 egrediens
664 3703 792 3745 manum
813 3683 875 3745 eibi
896 3684 1059 3745 osculandi
1080 3703 1175 3745 causa
