2984 4359
508 282 620 334 umus
642 283 693 336 vr.
742 283 850 334 nuso.
1118 270 1182 337 141

172 450 289 516 haesit
347 456 511 535 Siquidem
533 458 764 535 imagunculam
787 458 969 537 puellarem,
992 478 1063 520 cum
1090 456 1182 536 quasi

172 560 352 620 remedium
370 560 556 622 insidiarum
571 583 590 624 a
604 564 726 641 plebeio
740 563 875 642 quodum
890 569 923 624 et
939 565 1047 640 ignoto
1060 561 1181 622 muneri

172 664 359 741 accepisset,
384 666 508 728 detecta
534 668 701 729 confestim
730 668 955 745 coniuratione,

172 787 231 845 pro
257 788 381 830 summo
400 766 530 832 numine
554 773 711 851 trinisque
732 773 767 833 in
789 773 841 834 die
866 773 958 835 sacri·
981 749 1151 871 {ffiffl

172 871 256 934 ficiis
279 874 381 935 colere
408 878 631 955 perseveravit,
655 878 842 956 volebatque
871 878 955 939 credi
1015 835 1031 882 p
1196 892 1212 938 c

172 978 350 1039 monitione
371 980 439 1042 eius
460 982 570 1043 futura
589 1001 799 1061 praenoscere.
842 983 927 1043 Ante
948 1001 1062 1061 paucos
1087 1001 1181 1060 quam

172 1083 295 1161 periret
306 1102 429 1145 menses
440 1084 578 1145 attendit
588 1091 621 1145 et
631 1085 825 1165 exstispicio,
836 1105 893 1147 nec
904 1105 1051 1164 umquam
1066 1086 1183 1147 litavit.

123 1191 158 1244 57
214 1187 306 1250 Obiit
320 1187 501 1250 tricensimo
514 1194 548 1249 et
562 1190 698 1251 secundo
711 1189 825 1250 astutis
840 1208 931 1265 enno,
946 1187 997 1248 die
1011 1208 1073 1266 quo
1088 1207 1182 1265 quon·

173 1293 249 1353 dem
269 1292 433 1354 Octaviam
452 1294 662 1370 interemerat,
679 1300 865 1372 tantumque
887 1293 1036 1370 gaudium
1056 1292 1182 1372 publice

173 1397 330 1475 praebuit,
344 1405 381 1458 ut
398 1398 487 1477 plebs
506 1399 637 1477 pilleata
654 1405 723 1460 tote
742 1399 820 1460 urbe
841 1399 957 1460 discur-
1197 1409 1227 1456 10

172 1508 267 1563 reret.
320 1504 363 1563 Et
389 1510 496 1564 tamen
523 1523 587 1564 non
615 1505 785 1565 defuerunt
816 1504 870 1582 qui
901 1522 956 1582 per
981 1473 1158 1608 23¹3ssssssss

172 1607 305 1684 longum
332 1614 456 1687 tempus
481 1609 586 1671 vernis
614 1609 804 1688 aestivisque
828 1608 956 1670 floribus
982 1624 1153 1682 by80m0,10-

175 1713 336 1772 tumulum
357 1713 426 1774 eius
450 1720 607 1791 ornarent,
629 1734 666 1775 sc
687 1715 780 1774 modo
804 1714 957 1791 imagines
982 1698 1101 1756 ’ΜΨ

174 1823 391 1895 praetextatas
425 1818 460 1878 in
493 1819 603 1881 rostris
641 1819 828 1899 proferrent,
865 1819 957 1879 modo
982 1773 1068 1820 οἵω,

175 1922 283 1983 edicta
304 1924 394 2001 quasi
415 1923 554 1986 viventis
576 1930 609 1985 et
630 1925 718 1985 brevi
742 1943 856 2001 magno
881 1923 1077 1984 inimicorum
1099 1923 1183 1983 melo
1198 1937 1227 1984 15

175 2029 342 2088 reversuri.
385 2028 583 2100 Quinetiam
596 2030 770 2106 Vologesus
789 2029 978 2089 Parthorum
997 2047 1062 2103 rex,
1076 2027 1183 2088 missis

176 2134 218 2194 ad
240 2138 383 2194 senatum
405 2133 518 2211 legatis
540 2135 578 2194 de
600 2134 806 2195 instauranda
830 2134 987 2210 societate,
1008 2134 1067 2193 hoc
1088 2133 1182 2193 etiem

176 2258 292 2315 magno
306 2257 399 2318 opere
413 2239 515 2300 oravit
525 2245 561 2300 ut
570 2240 707 2301 Neronis
721 2239 872 2300 memoris
885 2239 1047 2300 coleretur.
1090 2239 1184 2299 Deni-

176 2362 238 2423 que
260 2363 331 2404 cum
354 2350 426 2423 post
448 2344 563 2420 viginti
584 2363 692 2421 annos,
710 2345 910 2405 adulescente
933 2363 991 2420 me,
1006 2344 1183 2405 exstitisset

176 2448 370 2510 condicionis
395 2449 532 2510 incertae
553 2450 608 2527 qui
631 2469 664 2511 se
685 2450 844 2510 Neronem
863 2468 931 2510 esse
954 2450 1093 2525 iactaret,
1117 2455 1182 2509 tam
1198 2463 1229 2510 to

176 2554 351 2615 favorabile
372 2573 484 2614 nomen
507 2555 573 2616 cius
593 2555 678 2633 apud
694 2554 830 2615 Parthos
844 2554 917 2630 fuit,
932 2560 969 2614 ut
981 2553 1183 2614 vehementer

176 2659 303 2721 adiutus
318 2664 352 2719 et
365 2660 422 2719 vix
436 2658 579 2720 redditus
594 2658 645 2720 sit.
