2984 4359
298 264 341 327 98
374 276 404 327 c.
431 275 586 324 suurorn
609 274 839 336 3333333331
864 275 913 325 nu
934 276 1026 326 vrrn
1049 275 1250 327 cassanum

338 445 493 508 Convivia
506 445 641 522 agitavit
655 452 687 506 et
700 446 807 524 ampla
820 452 852 506 33
866 447 1002 522 assidua,
1018 466 1053 507 aa
1071 447 1137 507 fere
1156 447 1307 525 patentis·
1322 462 1359 512 32

299 551 389 613 simis
416 550 494 612 locis
518 557 555 611 ut
578 550 763 629 plerumque
792 552 912 612 sesceni
941 552 1036 611 simul
1064 552 1304 613 discumberent.

523 656 717 716 Convivatus
738 662 788 716 est
807 662 840 716 et
859 675 953 733 super
974 657 1171 717 emissarium
1192 657 1306 716 Fucini

522 762 619 837 lacus,
635 780 670 821 ac
689 780 788 839 paene
810 781 1009 837 summersus,
1024 782 1093 822 cum
1116 764 1230 824 emissa
1250 764 1306 823 im·
1343 747 1347 754 ’

265 885 282 931 o
297 873 373 945 petu
387 885 469 944 aqua
482 866 697 926 redundasset.
741 865 922 927 Adhibebat
937 868 1021 927 omni
1035 886 1130 928 cenae
1144 874 1176 927 et
1190 868 1305 929 liberos

298 992 370 1034 suos
390 990 458 1031 cum
478 972 585 1051 pueris
603 971 781 1049 puellisque
796 971 963 1047 nobilibus,
979 973 1034 1051 qui
1049 992 1134 1033 more
1146 979 1249 1033 vetere
1263 976 1305 1035 ad

296 1079 401 1139 fulcra
434 1078 585 1138 lectorum
621 1078 766 1138 sedentes
794 1085 1002 1138 vescerentur.
1054 1079 1221 1155 Convivae,
1250 1080 1304 1158 qui

296 1183 398 1262 pridie
420 1183 573 1262 scyphum
596 1202 723 1243 aureum
743 1183 938 1260 subripuisse
956 1184 1206 1259 existimabatur,
1221 1203 1305 1244 revo

296 1297 367 1351 cato
380 1290 414 1349 in
429 1290 512 1349 diem
527 1295 688 1367 posterum
701 1290 831 1349 calicem
845 1289 974 1350 fictilem
989 1291 1145 1368 apposuit.
1168 1336 1175 1350 .
1198 1337 1205 1349 .
1229 1336 1235 1349 .

252 1414 281 1459 10
337 1395 407 1455 Cibi
420 1394 551 1472 vinique
565 1413 760 1472 quocumque
774 1399 807 1454 et
820 1399 961 1473 tempore
978 1400 1010 1454 33
1028 1396 1096 1455 loco
1115 1396 1304 1474 appetentis·
1318 1407 1355 1458 33

297 1501 405 1575 simus,
430 1518 618 1578 cognoscens
646 1500 805 1577 quondam
829 1501 864 1559 in
887 1501 1026 1577 Augusti
1054 1502 1133 1577 foro,
1159 1501 1304 1578 ictusque

521 1605 631 1665 nidore
645 1605 780 1683 prandii,
794 1605 878 1682 quod
892 1605 926 1664 in
940 1606 1085 1684 proxima
1098 1606 1213 1666 Martis
1228 1607 1303 1667 aede

296 1671 422 1732 emm
523 1711 619 1771 Saliis
631 1712 851 1789 apparabatur,
864 1711 989 1771 deserto
999 1711 1152 1772 tribunali
1163 1713 1304 1773 ascendit

296 1817 336 1877 ad
364 1817 541 1877 sacerdotes
568 1835 693 1893 unaque
707 1816 877 1876 decubuit.
920 1818 989 1877 Nec
1013 1823 1131 1877 temere
1154 1837 1302 1896 umquam

252 1936 281 1981 1o
295 1922 435 1982 triclinio
455 1921 607 1982 abscessit
628 1921 691 1981 nisi
712 1922 871 1982 distentus
891 1940 927 1982 ac
943 1923 1084 1997 madens,
1099 1927 1132 1982 et
1144 1929 1181 1982 ut
1196 1923 1303 1983 statim

297 2027 411 2105 supino
431 2046 467 2087 ac
488 2046 544 2105 per
565 2046 707 2087 somnum
729 2028 833 2087 hianti
855 2028 952 2105 pinna
973 2028 1062 2087 in'os
1083 2027 1246 2088 inderetur
1264 2028 1304 2088 ad

296 2134 525 2193 exonerandum
549 2133 753 2193 stomachum.
798 2133 906 2192 Somni
928 2133 1106 2192 brevissimi
1128 2139 1195 2193 erat
1217 2133 1302 2211 (narn

296 2243 370 2297 ante
384 2237 521 2297 mediam
535 2245 658 2298 noctem
672 2238 855 2316 plerumque
875 2238 1059 2318 evigilabat)
1076 2243 1113 2297 ut
1133 2237 1240 2298 tamen
1260 2238 1304 2296 in-

295 2341 400 2403 terdiu
412 2360 644 2420 nonnumquam
657 2344 691 2400 in
702 2342 769 2402 iure
781 2343 913 2403 dicendo
925 2344 1176 2421 obdormisceret,
1186 2346 1303 2422 vixque

251 2465 281 2511 to
296 2448 335 2507 ab
352 2446 513 2507 advocatis
530 2446 569 2504 de
588 2445 747 2504 industria
766 2462 872 2502 vocem
894 2443 1081 2518 augentibus
1103 2438 1300 2502 excitaretur.

298 2600 304 2613 .
328 2598 334 2611 .
358 2598 364 2611 .
387 2551 499 2611 Aleam
528 2550 757 2611 studiosissime
785 2549 878 2623 lusit;
913 2548 951 2606 de
979 2547 1069 2607 cuius
1095 2554 1164 2608 arte
1188 2547 1303 2606 librum

297 2675 420 2735 quoque
435 2656 566 2742 emisit,
601 2656 712 2714 solitus
739 2654 833 2713 etiam
859 2653 892 2712 in
918 2653 1092 2728 gestatione
1116 2651 1234 2727 ludere,
1258 2652 1305 2711 ita

297 2763 408 2824 essedo
422 2761 571 2838 alveoque
586 2760 744 2838 adaptatis
758 2779 798 2818 ne
812 2759 901 2818 lusus
915 2758 1170 2818 confunderetur.

338 2867 472 2928 Saevum
493 2873 524 2926 et
545 2865 781 2942 sanguinarium
804 2868 917 2923 natura
938 2863 1046 2938 fuisse,
1070 2862 1192 2938 magnis
1215 2862 1305 2921 mini·
1318 2875 1355 2925 34

251 2994 281 3040 ab
297 2973 421 3051 misque
440 2972 586 3050 apparuit
603 2971 703 3031 rebus.
746 2971 917 3029 Tormenta
936 2968 1158 3045 quaestionum
1178 2986 1305 3046 poenas·
1382 2972 1384 2975 ‘

524 3096 584 3155 333
595 3075 822 3154 parricidarum
834 3074 1089 3152 repraesentabat
1098 3072 1305 3150 exigebatque

298 3158 459 3293 ἓξὲξ
525 3201 636 3242 coram.
694 3181 772 3241 Cum
801 3185 943 3257 spectare
970 3178 1093 3255 antiqui
1115 3178 1210 3238 moris
1237 3196 1306 3255 sup

525 3287 655 3365 plicium
676 3283 787 3345 Tiburi
809 3284 1015 3362 concupisset,
1044 3289 1076 3343 et
1096 3283 1244 3360 deligatis
1266 3282 1306 3342 ad
1336 3289 1345 3308 ·

298 3394 404 3473 palum
420 3392 524 3452 noxiis
539 3392 681 3452 carnifex
700 3391 832 3463 deesset,
848 3390 982 3449 accitum
998 3389 1038 3448 ab
1052 3389 1127 3448 urbe
1141 3407 1305 3466 vesperam

254 3523 283 3567 30
299 3516 398 3576 usque
433 3496 571 3575 opperiri
605 3494 828 3574 perseveravit.
881 3494 1083 3570 Quocumque
1118 3492 1306 3568 gladiatorio

299 3622 436 3677 munere,
452 3602 502 3661 vel
518 3620 573 3661 suo
588 3601 638 3660 vel
653 3600 764 3673 alien0,
780 3598 875 3658 etiam
889 3600 973 3657 forte
988 3597 1152 3676 prolapsos
1170 3597 1306 3674 iugulari

299 3708 435 3782 iubebat,
451 3706 586 3765 maxime
600 3704 753 3777 retiarios,
768 3709 805 3761 33
823 3703 1035 3780 expirantium
1056 3702 1155 3763 facies
1174 3701 1304 3763 videret

297 723 428 783 Banqneta
