2984 4359
512 278 623 329 rinna
647 278 697 329 vr.
747 276 854 330 uano.
1124 265 1187 331 133

185 456 330 525 gumento
349 449 523 526 refellebat,
542 469 636 528 quam
655 449 853 529 quodetiam
872 448 1000 511 inscitia
1018 450 1080 512 sibi
1098 455 1188 511 tanto

185 575 272 634 opere
294 555 471 615 elaboratae
492 556 713 633 perfectaeque
734 574 753 616 a
774 555 906 616 se'artis
924 555 1107 629 obiceretur,
1128 555 1188 615 sin-

184 661 270 737 gulos
299 660 433 721 subinde
466 661 614 738 rogitans,
643 670 800 721 nossentne
830 679 1010 737 quemquam
1032 669 1188 736 praestan·

184 770 295 825 liorem.
340 765 402 825 Sed
418 766 602 842 urgentibus
617 765 689 825 aliis
707 784 802 844 super
815 765 894 825 alios
908 764 1039 840 nuntiis,
1055 766 1186 824 Romam

184 871 401 949 praetrepidus
411 870 521 945 rediit3
544 871 719 949 leviterque
729 871 822 930 modo
836 870 869 929 in
884 870 997 930 itinere
1009 869 1124 929 frivolo
1138 888 1188 930 au·
1204 888 1219 933 u

184 976 280 1054 spicio
294 981 401 1035 mente
416 981 562 1050 recreata,
577 994 648 1035 cum
666 975 850 1035 annotasset
869 973 1063 1053 insculptum
1083 994 1188 1034 monu-

184 1087 288 1140 mento
300 1081 433 1139 militem
445 1080 572 1141 Gallum
583 1081 624 1140 ab
631 1079 737 1158 equite
752 1081 894 1140 Romano
908 1098 1092 1157 oppressum
1103 1078 1188 1139 trahi

184 1186 330 1260 crinibus,
346 1186 386 1245 ad
403 1204 470 1245 eam
486 1186 620 1263 speeiem
635 1184 766 1245 exsiluit
785 1185 900 1262 gaudio
919 1184 1101 1262 caelumque
1118 1185 1188 1244 ado

184 1293 271 1351 ravit.
314 1290 362 1350 Ac
377 1309 416 1350 ne
431 1296 506 1350 tune
526 1290 652 1367 quidem
672 1296 726 1350 aut
746 1297 858 1350 senatu
878 1296 932 1350 aut
951 1289 1067 1368 populo
1084 1307 1188 1349 coram

184 1397 350 1474 appellato,
373 1396 521 1473 quosdam
546 1415 562 1455 e
583 1395 773 1474 primoribus
794 1395 872 1455 viris
892 1395 1018 1454 domum
1036 1394 1187 1469 evocavit,
1204 1408 1233 1455 ιο

183 1507 401 1579 transactaque
421 1502 537 1578 raptim
557 1501 796 1576 consultatione,
811 1500 964 1577 reliquam
983 1499 1047 1559 diei
1067 1505 1187 1578 partem

182 1626 236 1685 per
251 1626 369 1682 organa
382 1606 568 1685 hydraulica
582 1606 654 1665 novi
669 1611 702 1665 et
716 1606 816 1681 ignoti
831 1606 953 1683 generis
967 1605 1186 1679 circumduxit,

183 1713 412 1789 ostendensque
431 1712 565 1787 singula,
580 1711 627 1770 de¹
639 1711 759 1771 ratione
779 1729 814 1771 ac
833 1688 1017 1770 difficultate
1036 1710 1186 1786 cuiusque

182 1819 348 1893 disserens,
374 1821 438 1877 iam
461 1837 492 1876 se
517 1821 607 1876 etium
629 1820 824 1892 prolaturum
852 1820 955 1875 omniu
980 1820 1012 1874 in
1040 1818 1187 1876 theutrum

181 1923 352 1983 affirmavit
373 1925 401 1981 si
417 1941 475 1998 per
499 1924 654 1984 Vindicem
677 1925 771 1982 liceat.
1204 1944 1232 1988 15

131 2036 167 2087 42
221 2027 393 2102 Postquam
405 2023 518 2083 deinde
530 2025 624 2084 etiam
641 2025 773 2086 Galbam
785 2032 818 2085 et
830 2026 1002 2103 Hispanias
1017 2026 1186 2085 descivisse
1250 2089 1252 2094 ,

181 2130 337 2205 cognovit,
349 2130 517 2208 conlapsus
532 2130 699 2212 animoque
713 2130 796 2190 male
807 2130 909 2191 fracto
919 2131 976 2189 din
986 2131 1054 2190 sine
1065 2149 1140 2189 voce
1154 2137 1186 2189 et

180 2254 277 2312 prope
307 2236 531 2295 intermortuus
563 2234 668 2310 iacuit,
697 2242 795 2313 utque
825 2235 958 2313 resipiit,

178 2346 267 2401 veste
282 2340 423 2415 discissa,
439 2340 904 2418 eapiteoonve1·berat0,octum
923 2343 959 2399 de
984 2314 1186 2449 gffi'nmst

178 2466 209 2505 se
228 2445 457 2524 pronuntiavit,
476 2445 714 2524 consolantique
733 2445 909 2506 nutriculae
928 2452 961 2506 et
1201 2464 1230 2509 no

178 2551 252 2611 aliis
266 2569 390 2629 quoque
405 2550 467 2610 iam
479 2550 675 2629 principibus
691 2550 810 2611 similia
823 2551 974 2611 accidisse
988 2550 1183 2626 memoranti,

178 2677 208 2716 ae
223 2676 294 2716 uero
303 2665 426 2731 praeter
441 2665 549 2715 ceteros
566 2658 708 2715 inaudito
725 2666 752 2716 et
769 2660 921 2733 incopndo
928 2660 999 2732 poti
1012 2655 1182 2733 respondit,

177 2767 232 2837 qui
256 2782 407 2821 summum
432 2765 593 2837 imperium
618 2765 705 2820 vinus
731 2766 887 2821 amitteret.
930 2762 997 2821 Nec
1021 2778 1057 2819 eo
1085 2760 1183 2819 setius

178 2868 346 2944 quicquam
369 2886 408 2925 ex
429 2866 655 2926 consuetudine
681 2866 774 2927 luxus
799 2872 893 2943 atque
917 2865 1055 2925 desidiae
1077 2864 1183 2924 omisit

179 2972 228 3031 vel
243 2971 421 3046 imminuit,
445 2972 521 3049 quin
536 2971 640 3047 immo,
656 2990 726 3031 cum
741 2971 882 3049 prosperi
899 2971 1049 3048 quiddam
1064 2988 1103 3029 ex
1117 2989 1184 3048 pro
1199 2984 1228 3029 25

177 3077 292 3159 vinqiis
314 3076 493 3136 nuntiatum
517 3083 609 3151 esset,
632 3095 725 3153 super
746 3075 1050 3136 abundantissimam
1074 3093 1182 3134 cenam
1273 3151 1276 3158 γ

177 3181 329 3242 iocularia
350 3182 383 3240 in
402 3182 588 3241 defectionis
609 3181 704 3241 duces
724 3181 864 3241 earmina
882 3180 1060 3257 lasciueque
1078 3179 1183 3239 modu·

177 3286 242 3348 lata
267 3306 347 3365 quae
376 3287 470 3362 vulgo
495 3293 673 3362 notuerunt,
696 3287 791 3347 etiam
817 3286 1022 3362 gesticulatus
1050 3290 1113 3359 est;
1147 3303 1182 3344 ac

178 3392 365 3468 spectaculis
380 3392 497 3451 theatri
515 3392 595 3451 olam
609 3392 737 3467 inlatus,
751 3390 874 3452 cuidam
889 3390 1031 3450 scaenico
1044 3389 1181 3467 placenti

177 3497 325 3557 nuntium
339 3497 435 3571 misit,
451 3498 535 3555 abuti
548 3516 616 3556 eum
631 3498 873 3571 occupationibus
886 3499 958 3554 suis.
1197 3516 1226 3561 30

131 3606 165 3657 43
215 3603 315 3663 Initio
339 3602 447 3661 statim
466 3601 632 3675 tumultus,
650 3601 752 3661 multa
770 3606 802 3660 et
821 3599 969 3674 inmania,
990 3618 1098 3658 verum
1119 3618 1181 3657 non

178 3705 379 3768 abhorrentia
392 3725 411 3765 a
425 3711 538 3765 natura
552 3724 609 3765 sua
623 3704 760 3765 creditur
775 3703 966 3766 destinasse:
990 3720 1180 3764 successores
