2984 4359
401 302 513 353 nmna
536 303 570 355 v.
622 304 735 356 orvos
759 304 952 356 canonius.
1118 288 1182 353 105
1266 295 1269 300 ’

171 479 323 551 ratusque
342 480 391 533 est
409 474 555 534 sollemni
572 475 751 554 principum
774 495 887 555 pompa
909 482 940 536 et
962 475 994 534 in
1016 455 1181 534 numerum

83 620 86 628 ·
171 579 303 637 deorum
327 578 464 640 relatus:
493 598 585 657 quem
615 581 762 640 honorem
793 600 812 641 a
839 581 964 640 Nerone
992 579 1181 641 destitutum

171 683 389 761 abolitumque
408 684 526 763 recepit
546 704 619 744 mox
640 704 695 763 per
717 686 953 764 Vespasianum.

120 796 158 847 46
172 789 343 866 Praesagia
369 789 480 850 mortis
511 789 578 852 cius
610 790 781 869 praecipua
809 791 953 851 fuerunt:
981 764 1158 901 fflffih

171 899 300 954 exortus
321 894 454 954 crinitae
466 894 594 972 stellae,
614 895 724 975 [quam
745 902 888 956 cometen
906 917 956 958 vo
1196 913 1212 958 o

172 1001 272 1082 cant]
289 1005 470 1077 tactumque
484 1001 524 1060 de
539 1000 625 1061 caelo
646 1008 884 1062 monumentum
907 1001 1003 1063 Drusi
1024 1000 1134 1080 patris,
1149 1006 1181 1061 et

172 1105 256 1181 quod
271 1104 380 1164 eodem
395 1124 476 1164 anno
490 1124 529 1165 ex
544 1106 682 1166 omnium
699 1107 942 1183 magistratuum
960 1126 1071 1184 genere
1090 1105 1182 1185 pleri·

173 1228 232 1286 que
258 1215 391 1270 mortem
416 1211 566 1271 obierant.
610 1212 672 1273 Sed
696 1232 752 1272 neo
776 1212 843 1289 ipse
865 1212 1024 1289 ignorasse
1046 1217 1101 1272 aut
1121 1211 1183 1272 dis·

174 1315 338 1375 simulasse
366 1315 481 1375 ultima
508 1316 591 1376 vitae
621 1336 695 1378 suae
727 1324 869 1396 tempora
897 1318 1032 1392 videtur,
1061 1317 1182 1394 aliquot

174 1419 301 1496 quidem
326 1420 529 1496 argumentis.
571 1422 655 1482 Nam
680 1429 713 1482 et
735 1441 806 1482 cum
828 1423 971 1483 consules
993 1422 1180 1498 designaret,
1198 1435 1227 1480 10

174 1525 332 1584 neminem
342 1525 428 1587 ultra
442 1545 581 1587 mensem
596 1547 658 1606 quo
672 1528 751 1588 obiit
766 1528 954 1604 designavit,
967 1533 998 1588 et
1012 1528 1044 1587 in
1060 1533 1180 1601 senatu,

174 1630 224 1689 cui
247 1630 421 1691 novissime
441 1631 602 1708 interfuit,
627 1634 763 1694 multum
786 1634 825 1694 ad
848 1633 1044 1694 concordiam
1066 1632 1181 1693 liberos

174 1755 244 1796 suos
266 1736 459 1813 cohortatus,
481 1738 647 1815 utriusque
667 1744 804 1799 aetatem
828 1738 1014 1817 suppliciter
1039 1737 1181 1815 patribus

174 1841 415 1917 commendavit,
430 1849 462 1902 et
475 1843 510 1902 in
524 1843 637 1903 ultima
651 1843 827 1919 cognitione
843 1863 900 1921 pro
916 1842 1068 1903 tribunali
1089 1861 1182 1903 occec-

173 1951 244 2006 aioae
258 1950 406 2024 adfinem
425 1950 627 2024 mortalitatis,
643 1967 834 2026 quamquam
851 1947 1105 2009 abominantibus
1125 1947 1181 2025 qui
1198 1964 1226 2010 15

173 2051 351 2129 audiebant,
367 2051 466 2112 semel
480 2058 574 2131 atque
588 2052 704 2113 iterum
718 2052 944 2131 pronuntiarit.
