2984 4359
447 287 560 338 11111111
583 286 631 337 1v.
686 286 715 338 c.
741 285 939 338 caurauni.
1154 274 1197 339 63

185 467 257 521 teas
272 459 370 521 misit:
412 458 627 536 Cognoscebat
641 464 746 518 autem
761 457 801 518 de
821 457 939 518 talibus
961 457 1073 534 causis,
1088 463 1197 519 taxato

187 565 279 644 prius
299 564 393 625 modo
414 582 553 625 summae
575 564 615 624 ad
636 581 730 641 quem
754 561 983 623 conficiendum
1011 562 1196 640 consideret,

186 671 335 731 confecto
355 670 480 730 demum
501 669 705 729 excitabatur.
749 669 796 727 Ac
816 687 856 728 ne
877 667 1040 745 paululum
1069 668 1197 746 quidem

186 795 294 835 morae
309 774 443 853 patiens,
458 793 552 853 super
565 772 776 852 quadraginta
789 792 858 834 recs
872 773 1030 850 quondam
1045 789 1085 832 ex
1098 773 1197 833 diver·

186 881 231 940 sis
253 879 442 940 criminibus
467 897 531 938 una
553 878 711 940 sententia
731 878 962 953 condemnavit,
982 877 1227 956 gloriatusquet

187 992 235 1047 est
252 985 509 1064 expergefactae
525 1003 634 1045 somno
649 983 812 1059 Caesonia,
827 993 975 1060 quantum
995 987 1109 1061 mucel,
1124 987 1197 1044 dum

186 1111 222 1151 ea
232 1094 419 1151 mendicaret.

225 1196 385 1256 Auctione
412 1194 583 1274 proposita,
604 1193 755 1272 reliquias
782 1193 919 1254 omnium
949 1193 1197 1272 spectaculorum

188 1300 327 1362 subiecit
340 1319 375 1360 ao
386 1300 574 1374 venditavit,
585 1298 756 1376 exquirens
766 1317 823 1377 per
837 1318 870 1360 se
884 1299 988 1376 pretia
1001 1303 1034 1359 et
1046 1318 1146 1376 usque
1160 1317 1198 1359 ec

187 1406 373 1481 extendens,
389 1411 425 1464 nt
440 1404 569 1483 quidam
584 1404 737 1465 immenso
751 1404 851 1464 coacti
865 1404 1018 1481 quaedam
1039 1422 1140 1465 emere
1161 1422 1197 1464 ac
1214 1417 1240 1463 lc

186 1511 278 1571 bonis
297 1509 386 1570 exuti
401 1528 499 1571 venas
517 1509 579 1570 sibi
594 1508 781 1574 inciderent.
822 1509 909 1568 Nota
930 1526 978 1568 res
1000 1514 1057 1584 est,
1072 1508 1197 1586 Aponio

189 1615 363 1675 Saturnino
383 1614 466 1675 inter
488 1613 639 1675 subsellia
666 1612 866 1690 dormitante,
888 1613 1043 1673 monitum
1071 1632 1090 1673 a
1117 1613 1197 1674 Gaio

191 1739 375 1798 praeconem
384 1738 423 1779 ne
432 1719 624 1798 praetorium
633 1717 737 1778 virum
749 1718 856 1779 crebro
864 1718 978 1796 capitis
989 1724 1077 1779 motu
1087 1723 1198 1778 nutan-

188 1832 251 1884 tem
280 1826 346 1886 sibi
373 1824 568 1902 praeteriret,
589 1842 647 1883 nec
675 1823 792 1884 licendi
820 1822 912 1882 finem
943 1823 1073 1898 factum,
1093 1824 1197 1901 quoad

189 1930 342 1990 tredecim
361 1928 551 2006 gladiatores
569 1928 749 1990 sestertium
766 1928 915 2004 nonagies
933 1926 1092 2003 ignoranti
1112 1927 1242 1989 addi-1⁶

144 2040 343 2094 tacerentur.
387 2035 426 2093 In
442 2032 549 2095 Gallia
570 2052 703 2111 quoque,
720 2052 790 2092 cum
812 2032 971 2093 damnata·

189 2158 257 2198 rum
275 2158 419 2200 sororum
437 2143 622 2199 ornamenta
637 2144 670 2198 et
688 2137 918 2216 supellectilem
939 2144 972 2198 et
997 2112 1164 2234 fflofwtm'
1257 2164 1261 2170 ·

190 2262 294 2305 servos
309 2249 406 2321 atque
420 2243 515 2304 etiam
531 2242 661 2304 libertos
679 2242 842 2303 immensis
857 2242 970 2321 pretiis
1050 2321 1053 2326 Ι

189 2348 396 2424 vendidisset,
411 2348 567 2408 invitatus
581 2347 677 2423 lucro,
692 2347 849 2426 quidquid
863 2347 1065 2408 instrumenti
1080 2348 1197 2409 veteris

190 2454 278 2515 arrlae
295 2460 367 2533 erat
383 2454 422 2514 ab
442 2454 520 2513 urbe
540 2453 678 2531 repetiit,
693 2452 886 2532 comprensis
907 2453 948 2513 ad
968 2453 1196 2531 deportandum
1212 2468 1243 2513 ac

190 2559 362 2620 meritoriis
383 2577 508 2637 quoque
529 2557 685 2619 vehiculis
708 2565 740 2618 et
765 2557 1010 2636 pistrinensibus
1037 2557 1195 2634 iumentis,

191 2664 266 2723 adeo
285 2670 326 2724 ut
346 2669 379 2724 et
399 2663 490 2742 panis
512 2664 631 2723 Romae
652 2682 743 2741 saepe
767 2662 914 2724 deficeret
942 2668 974 2723 et
1001 2662 1196 2739 litigatorum

190 2767 343 2848 plerique,
364 2768 448 2846 quod
468 2786 630 2828 occurrere
657 2769 803 2828 absentes
831 2768 872 2828 ad
892 2768 1107 2827 vadimonium
1134 2786 1197 2828 non

191 2879 329 2950 possent,
352 2892 446 2934 causa
467 2874 623 2934 caderent.
667 2873 725 2934 Oui
754 2873 963 2934 instrumento
992 2872 1197 2933 distrahendo

191 2976 270 3036 nihil
290 2998 355 3039 non
376 2978 500 3038 fraudis
521 2996 557 3037 ac
577 2976 726 3039 lenocinii
747 2977 902 3053 adhibuit,
925 2965 1030 3037 modo'
1044 2978 1196 3039 avaritiae
1213 2995 1242 3039 25

193 3080 331 3158 singrlos
345 3083 513 3161 increpans
528 3088 560 3144 et
574 3083 658 3160 quod
671 3102 735 3144 non
749 3084 883 3161 puderet
903 3102 955 3143 eos
977 3081 1196 3160 locupletiores

193 3203 371 3265 essequam
389 3206 432 3264 se,
447 3187 539 3248 modo
556 3187 784 3265 paenitentiam
805 3188 957 3249 simulans
979 3188 1064 3265 quod
1084 3188 1197 3265 princi-

194 3290 308 3367 palium
345 3312 450 3353 rerum
489 3293 622 3372 privatis
659 3294 782 3372 copiam
818 3294 945 3354 faceret.
996 3294 1196 3371 Compererat

194 3397 415 3471 provincialem
444 3398 633 3477 locupletem
667 3401 802 3460 ducenta
836 3399 982 3460 sestertia
1016 3418 1196 3460 numerasse

194 3503 398 3578 vocatoribus,
409 3509 447 3564 ut
461 3523 516 3582 per
531 3504 690 3565 fallaciam
704 3504 850 3565 convivio
864 3504 1123 3583 interponeretur,
1139 3524 1196 3565 nec
1206 3518 1240 3563 ac

196 3604 307 3667 tulerat
317 3609 449 3670 moleste
460 3615 525 3669 tam
537 3629 650 3687 magno
660 3609 821 3670 aestimari
831 3610 981 3670 honorem
995 3629 1088 3670 cenae
1104 3628 1194 3685 suae,

195 3705 265 3771 huic
275 3719 401 3790 postero
415 3712 468 3774 die
478 3714 600 3776 sedenti
614 3714 649 3774 in
662 3714 806 3775 auctione
820 3714 918 3792 misit,
930 3715 985 3794 qni
999 3714 1104 3774 neseio
1118 3714 1196 3792 quid
