2984 4359
308 246 349 310 70
383 258 413 309 c.
437 253 593 308 1111111
615 254 845 316 manorum
867 254 917 305 nu
941 255 1032 306 mua
1054 255 1256 307 11111111

305 428 416 505 tiendi,
430 428 535 507 ipsum
556 427 616 488 sibi
637 446 750 489 manus
771 425 920 489 intulisse
939 427 1052 488 nuntio
1068 428 1169 488 malae
1188 445 1306 506 pugnas

305 535 514 614 perterritum.

345 641 472 701 Vestitu
486 639 684 717 calciatuque
695 647 727 700 11
741 645 845 699 cetero
854 638 967 699 habitu
981 656 1081 716 neque
1093 638 1195 717 patrio
1208 657 1306 716 neque
1318 646 1353 697 52

329 806 334 816 ,
531 744 730 820 civili,acne
740 742 828 804 virili
838 743 1015 821 quidemac
1029 743 1165 822 denique
1174 742 1307 805 humano

274 805 465 901 5nusppm1
532 868 655 928 semper
668 869 745 911 usus
759 855 817 909 111
860 848 959 927 Saepe
973 848 1115 926 depictas
1129 855 1308 926 gemmatas

305 973 367 1031 que
380 954 510 1016 indutus
528 954 690 1034 paenulas,
705 954 904 1015 manuleatus
918 959 951 1014 et
967 953 1143 1014 armillatus
1160 954 1194 1013 in
1210 954 1308 1033 publi-

305 1077 376 1118 cum
386 1060 538 1137 processit
546 1084 555 1136 ;
570 1060 742 1138 aliquando
750 1059 902 1120 sericatus
911 1064 944 1120 et
953 1058 1136 1138 cycladatus
1144 1082 1153 1135 3
1167 1077 1204 1119 11
1218 1060 1308 1119 modo

305 1164 340 1222 in
353 1164 488 1242 crepidis
499 1165 549 1225 vel
564 1165 736 1239 cothurnis,
747 1165 841 1225 modo
855 1165 888 1223 in
899 1164 1108 1243 speculatoria
1118 1164 1309 1240 1111311111-

305 1288 476 1347 numquam
497 1289 586 1331 socco
602 1270 766 1346 muliebri3
795 1269 978 1348 plerumque
997 1289 1072 1330 vero
1092 1288 1187 1330 aurea
1204 1270 1307 1345 barbe,

261 1385 290 1430 10
306 1374 428 1434 fulmen
444 1381 555 1437 tenens
574 1382 630 1435 aut
653 1375 812 1436 fuscinam
829 1380 885 1435 aut
907 1374 1077 1435 caduceum
1099 1374 1245 1454 [deorum
1266 1374 1309 1433 in·

306 1480 424 1562 signis]
447 1485 542 1559 atque
561 1481 657 1541 etiarn
676 1480 808 1541 Veneris
831 1480 920 1540 cultu
940 1484 1126 1558 conspectus
1144 1486 1200 1540 est.
1245 1480 1309 1539 Tri-

305 1585 485 1663 umphalem
513 1586 641 1663 quidem
671 1590 817 1646 ornatum
849 1584 945 1645 etiam
976 1590 1050 1644 ante
1077 1585 1308 1663 expeditionem

306 1690 431 1751 assidue
446 1691 591 1767 gestavit,
606 1690 765 1751 interdum
780 1697 813 1750 et
831 1690 941 1766 Magni
959 1689 1134 1751 Alexandri
1151 1689 1308 1751 thoracem

306 1796 474 1874 repetitum
489 1814 506 1856 e
521 1796 696 1856 conditorio
711 1795 788 1857 eius.

261 1915 290 1960 11
345 1902 395 1960 Ex
410 1901 588 1979 disciplinis
602 1901 786 1962 liberalibus
798 1899 965 1960 minimum
975 1898 1156 1976 eruditioni,
1167 1901 1309 1979 eloqueu-
1321 1907 1355 1957 53

273 2008 275 2012 ’
305 2006 369 2066 tiae
379 2006 550 2085 plurimum
559 2007 704 2081 attendit,
714 2005 918 2084 quantumvis
929 2005 1084 2066 facundus
1093 2012 1126 2066 et
1135 2012 1307 2084 promptus,

534 2111 644 2190 utique
653 2112 681 2172 si
692 2111 900 2190 perorandum
909 2110 943 2169 in
952 2110 1090 2188 aliquem
1100 2117 1191 2171 esset.
1225 2111 1309 2171 Irato

535 2222 567 2277 et
585 2217 681 2278 verba
698 2222 729 2277 et
746 2215 921 2277 sententiae
942 2215 1159 2294 suppetebant,
1177 2235 1310 2294 pronun-

535 2322 627 2382 tiatio
649 2341 773 2400 quoque
798 2327 831 2381 11
846 2340 918 2396 vox,
937 2326 974 2380 ut
996 2339 1097 2398 neque
1119 2321 1228 2381 eodem
1250 2320 1309 2381 loci

261 2439 291 2484 ao
306 2447 381 2506 prae
395 2428 503 2487 ardore
521 2427 706 2488 consisteret
721 2432 753 2486 et
768 2426 969 2486 exaudiretur
983 2444 1002 2485 a
1015 2425 1124 2503 procul
1143 2426 1308 2487 stantibus.

306 2534 521 2607 Peroraturus,
536 2536 710 2592 strictumm
731 2551 762 2591 se
783 2533 999 2590 lucubrationis
1018 2514 1196 2591 sacricium
1216 2531 1311 2591 mina·

306 2638 415 2714 batur3
448 2637 551 2697 lenius
579 2636 799 2715 comptiusque
828 2635 985 2695 scribendi
1014 2654 1111 2711 genus
1139 2636 1217 2696 adeo
1244 2655 1311 2697 con-

216 2787 219 2795 ·
306 2750 458 2819 temnens,
468 2750 505 2803 ut
517 2742 666 2803 Senecam
676 2748 745 2802 tum
756 2741 892 2801 maxime
903 2741 1077 2818 placentem
1090 2745 1312 2802 commissiones

306 2869 405 2909 meras
432 2866 624 2925 componere,
654 2853 685 2907 et
716 2849 864 2906 harenam
892 2865 953 2906 esse
984 2850 1049 2905 siae
1076 2849 1154 2906 calce
1184 2846 1309 2908 diceret.

262 2968 291 3013 25
308 2954 436 3014 Solebat
459 2953 555 3013 etiam
579 2952 736 3030 prosperis
762 2956 919 3012 oratorum
943 2950 1119 3011 actionibus
1143 2951 1312 3012 rescribere

307 3065 340 3118 et
360 3077 543 3135 magnorum
566 3058 600 3117 in
626 3062 736 3117 senatu
764 3075 886 3116 reorum
914 3056 1131 3116 accusationes
1159 3057 1314 3117 defensio

306 3182 424 3241 nesque
447 3163 593 3223 meditari
616 3181 660 3235 ac,
684 3168 778 3239 prout
807 3161 900 3222 stilus
928 3166 1072 3236 cesserat,
1101 3160 1152 3221 vel
1185 3180 1314 3222 onerare

309 3269 467 3329 sententia
491 3288 549 3329 sua
573 3285 728 3346 quemque
753 3266 804 3325 vel
828 3265 1001 3341 sublevare,
1026 3266 1167 3343 equestri
1191 3285 1314 3345 quoque

308 3375 417 3434 ordine
431 3376 472 3434 ad
486 3374 676 3434 audiendum
691 3371 828 3431 invitato
841 3389 897 3449 per
911 3371 1021 3431 edicta

263 3495 293 3540 ao
350 3480 411 3540 Sed
433 3485 465 3539 et
488 3479 621 3538 aliorum
642 3495 792 3555 generum
812 3483 895 3536 artes
916 3475 1147 3550 studiosissime
1165 3480 1198 3536 et
1217 3476 1317 3537 diver·
1330 3486 1364 3538 54

309 3585 451 3646 sissimas
473 3583 621 3643 exercuit.
665 3582 790 3641 Thraex
809 3586 841 3640 et
859 3580 977 3656 auriga,
999 3580 1083 3640 idem
1097 3586 1207 3642 cantor
1220 3587 1316 3660 atque

309 3689 450 3764 saltator,
461 3687 626 3749 battuebat
640 3684 837 3764 pugnatoriis
852 3684 958 3761 armis,
972 3684 1138 3762 aurigabat
1157 3690 1317 3747 exstructo

305 2197 428 2245 Devoticn
437 2199 465 2245 ts

305 2273 407 2331 oratory
