2984 4359
299 253 342 317 96
376 263 908 326 c.suur0n1rnsuoumn1os
933 267 1024 318 vna
1048 267 1252 336 cnusrsun

298 435 428 496 divortii
443 439 550 496 natam
570 433 677 513 alique
696 440 848 514 coeptam,
869 438 984 516 exponi
1004 443 1111 500 tamen
1132 440 1174 500 ad
1196 438 1304 499 matris

297 541 425 602 ianuam
443 546 476 601 et
498 541 615 601 nudam
638 540 733 601 iussit
754 540 844 601 abici.
887 542 1060 604 Antoniam
1080 546 1138 606 Cn.
1155 545 1306 624 Pompeio

297 648 424 723 Magno,
448 645 563 706 deinde
594 646 712 706 Fausto
744 645 860 721 Sullae,
887 647 1096 711 nobilissimis
1126 650 1304 726 iuvenibus,

297 752 463 815 Octaviam
489 749 610 811 Neroni
638 749 784 829 privigno
811 770 868 812 suo
896 752 1070 829 collocavit,
1100 755 1208 817 Silano
1232 764 1306 817 ante

265 859 494 936 sdesponsam.
550 854 777 931 Britannicum,
806 856 954 917 vicesimo
983 858 1108 938 imperii
1129 861 1181 921 die
1208 862 1305 941 inque

296 964 433 1026 secundo
455 961 618 1023 consulatu
640 967 750 1021 natum
773 961 843 1038 sibi,
868 963 1035 1040 parvulum
1056 966 1154 1027 etiam
1174 974 1253 1043 tum,
1273 974 1305 1029 et

295 1070 393 1130 militi
421 1087 478 1148 pro
497 1066 642 1128 contione
670 1066 815 1127 manibus
841 1067 907 1129 suis
933 1074 1059 1145 gestans
1081 1077 1114 1132 et
1137 1072 1225 1151 plebi
1249 1093 1305 1152 per

296 1175 475 1254 spectacula
501 1174 620 1250 gremio
651 1178 706 1233 aut
734 1179 808 1233 ante
841 1193 873 1234 se
902 1175 1041 1238 retinens
1072 1177 1198 1238 assidue
1225 1198 1304 1239 com·

296 1282 464 1342 mandabat
480 1279 659 1357 faustisque
678 1278 836 1339 ominibus
856 1298 927 1340 cum
945 1281 1192 1343 adclamantium
1210 1285 1305 1345 turba

250 1402 279 1447 10
295 1387 549 1466 prosequebatur.
584 1386 612 1444 Ε
623 1385 748 1462 generis
759 1385 916 1446 Neronem
931 1386 1105 1464 adoptavit,
1116 1388 1303 1466 Pompeium

295 1500 390 1571 atque
405 1493 547 1554 Silanum
563 1510 628 1551 non
642 1490 799 1551 recusavit
812 1491 914 1566 modo,
930 1492 983 1551 sed
998 1499 1032 1552 et
1044 1491 1214 1553 interemit.

335 1599 534 1659 Libertorum
567 1596 735 1675 praecipue
772 1596 914 1674 suspexit
950 1596 1086 1658 Posiden
1121 1599 1302 1675 spadonem,
1315 1608 1352 1659 28

294 1723 388 1784 quem
412 1703 509 1763 etiam
533 1701 717 1762 Britannico
745 1701 907 1779 triumpho
931 1701 1014 1762 inter
1038 1701 1193 1763 militares
1217 1705 1302 1765 viros

521 1807 615 1867 hasta
641 1825 721 1884 pura
748 1806 898 1882 donavit3
934 1825 991 1867 nec
1023 1806 1128 1868 minus
1153 1808 1302 1885 Felicem,

203 1901 206 1905 ’
248 1932 277 1978 15
292 1873 477 1922 mmm
521 1931 615 1991 quem
640 1910 820 1971 cohortibus
846 1910 961 1972 stalis
986 1912 1303 1991 provinciaequeIu-

293 2021 390 2081 daeae
410 2017 601 2097 praeposuit,
616 2015 712 2077 trium
735 2016 913 2092 reginarum
935 2016 1101 2093 maritum3
1126 2024 1159 2078 et
1180 2020 1303 2098 Harpo

293 2144 377 2199 eran,
400 2123 451 2185 cui
472 2123 585 2183 lectica
608 2141 664 2199 per
688 2122 797 2181 urbem
821 2121 957 2182 vehendi
982 2123 1223 2202 spectaculaque
1247 2124 1302 2203 pu-

203 2288 206 2293 .
292 2230 374 2291 blico
388 2228 502 2290 edendi
513 2228 563 2289 ius
573 2227 705 2302 tribuit3
725 2245 762 2286 aa
773 2226 933 2304 superbos
944 2227 1112 2306 Polybium
1124 2229 1164 2289 ab
1175 2229 1301 2305 studiis,

292 2336 348 2416 qui
362 2354 456 2413 saepe
470 2334 554 2393 inter
568 2334 645 2393 duos
660 2331 804 2392 consules
819 2332 1018 2408 ambulabat3
1040 2333 1183 2394 sedante
1198 2335 1301 2397 omnis

246 2457 277 2502 ao
291 2441 477 2502 Narcissum
498 2439 538 2499 ab
556 2437 712 2517 epistulis,
729 2441 762 2497 et
781 2436 959 2497 Pallantem
980 2457 1000 2498 a
1015 2438 1201 2515 rationibus,
1223 2460 1301 2519 quos

291 2549 419 2608 decreto
432 2563 557 2624 quoque
577 2551 704 2604 senatus
728 2561 791 2601 non
815 2542 964 2620 praemiis
988 2544 1081 2604 modo
1108 2543 1300 2622 ingentibus,

291 2655 389 2715 sedet
400 2648 588 2730 quaestoriis
599 2646 828 2726 praetoriisque
837 2647 1028 2708 ornamentis
1038 2649 1187 2709 honorari
1198 2651 1300 2713 libens

290 2778 403 2839 passus
418 2762 467 2818 est
475 2778 483 2832 ;
504 2760 631 2815 tantum
644 2758 807 2830 praeterea
823 2752 983 2829 acquirere
998 2760 1030 2812 et
1043 2772 1163 2831 rapere,
1177 2761 1215 2815 ut
1229 2776 1301 2842 que-

290 2870 380 2925 rente
394 2882 431 2923 eo
445 2860 602 2941 quondam
616 2859 656 2918 de
670 2857 738 2917 fisci
753 2857 926 2932 exiguitate
942 2863 1006 2917 non
1024 2859 1158 2920 absurde
1180 2861 1299 2922 dictum

244 2984 275 3029 25
291 2971 342 3046 sit,
357 2972 594 3039 emendaturum,
614 2968 642 3023 si
662 2984 683 3023 a
703 2965 819 3022 duobus
839 2963 952 3021 libertis
972 2966 1005 3021 ia
1027 2969 1210 3026 consumtum
1230 2971 1301 3026 reci

285 3085 416 3152 peretur.
460 3071 532 3146 His,
546 3075 583 3129 ut
599 3068 676 3143 dixi,
695 3066 908 3144 uxoribusque
929 3067 1083 3144 addictus,
1101 3088 1165 3128 non
1185 3071 1300 3149 princi·
1313 3078 1350 3129 29

290 3222 371 3268 Ram
381 3219 417 3279 ry
517 3193 588 3254 pem
603 3192 646 3248 se,
659 3173 713 3232 sed
724 3172 904 3232 ministrum
916 3172 990 3248 egit,
1002 3174 1189 3251 compendio
1199 3176 1301 3236 cuius·

289 3295 431 3343 wivesana
518 3298 579 3358 que
606 3279 718 3338 horum
746 3276 796 3336 vel
824 3276 919 3336 etiam
947 3278 1053 3337 studio
1080 3284 1136 3339 aut
1166 3279 1300 3341 libidine

289 3369 419 3416 5¹⁰⁹⁶¹²¹⁶¹¹
517 3385 660 3457 honores,
689 3380 854 3455 exercitus,
883 3380 1098 3460 impunitates,
1131 3385 1299 3464 supplicia,

244 3506 275 3551 30
290 3493 423 3570 largitus
445 3495 504 3566 est,
527 3494 559 3549 et
582 3487 709 3565 quidem
735 3485 873 3544 insciens
897 3485 1081 3564 plerumque
1104 3494 1136 3548 et
1158 3490 1298 3566 ignarus.

290 3597 339 3657 Ac
360 3615 400 3656 ne
423 3592 610 3671 singillatim
634 3590 756 3649 minora
777 3607 900 3666 quoque
924 3608 1112 3669 enumerem,
1136 3603 1300 3657 revocatas

290 3700 497 3760 liberalitates
518 3696 595 3770 eius,
617 3693 735 3753 iudicia
755 3692 897 3769 rescissa,
919 3695 1098 3773 suppositos
1121 3704 1178 3759 aut
1203 3701 1299 3762 etiam
