2984 4359
405 287 573 366 mariv,
624 286 736 338 orvus
761 286 954 339 oneunms.
1145 274 1185 340 87

173 460 321 520 iuvenem
344 460 451 538 probri
472 460 610 538 plenum,
627 460 683 520 sed
704 478 796 537 quem
820 465 909 537 pater
930 458 1186 537 probatissimum

173 565 234 623 sibi
250 565 439 640 affirmabat,
451 564 518 626 sine
534 564 708 641 ignominia
723 564 857 639 dimisit,
871 566 979 624 tubere
995 564 1104 624 dicens
1124 584 1187 625 ceu

172 690 274 731 sorem
288 689 398 744 auam·
419 670 517 731 alium
534 669 720 747 corruptelis
735 668 962 746 adulteriisque

173 776 337 836 famosum
356 774 438 835 nihil
452 774 589 853 amplius
604 792 699 852 quam
714 774 846 849 monuit,
862 783 894 833 ut
908 783 962 834 out

173 886 306 956 parcius
319 883 469 941 aetatulae
484 882 650 958 inceperet
666 888 719 939 cut
733 888 809 939 certe
823 883 960 952 cautium·
981 878 1184 957 addiditque:
1200 896 1216 942 u

178 986 281 1060 Qume
309 990 390 1046 euim
417 1005 469 1064 epo
497 990 567 1060 ecio,
593 1005 685 1062 quum
709 988 841 1045 amicam
865 986 997 1045 lubeas?
1038 985 1184 1068 Etcum,

174 1092 341 1152 orantibus
375 1090 594 1166 familiaribus,
629 1089 820 1168 dempsisset
851 1089 974 1150 cuidam
1008 1090 1185 1167 appositam

175 1203 295 1271 notam,
313 1198 425 1256 Litora
443 1205 553 1271 tcmeu,
574 1194 688 1273 inquit,
703 1197 814 1255 exstet!
856 1194 1059 1272 Splendidum
1083 1194 1184 1254 virum

176 1303 393 1380 Graeciaeque
406 1300 586 1379 provinciae
597 1300 782 1378 principem,
795 1318 903 1359 verum
915 1300 1022 1360 Latini
1035 1300 1186 1359 sermonis

176 1406 333 1483 ignarum,
348 1426 411 1465 non
425 1406 518 1466 modo
532 1405 604 1466 albo
618 1404 759 1465 iudicum
774 1404 879 1480 erasit,
895 1405 951 1464 sed
971 1405 1003 1464 in
1018 1404 1187 1482 peregrini·
1203 1420 1231 1466 10

176 1518 276 1572 tatem
297 1511 425 1587 redegit.
467 1512 535 1570 Nec
555 1528 743 1588 quemquam
763 1510 826 1570 nisi
847 1528 904 1570 sna
918 1527 1002 1585 voce,
1017 1516 1186 1587 utcumque

177 1619 250 1694 quis
273 1622 388 1695 posset,
410 1634 446 1676 ac
469 1615 537 1676 sine
560 1620 694 1694 patrono
717 1615 870 1674 rationem
894 1615 979 1675 vitae
1003 1632 1115 1692 passus
1137 1621 1186 1674 est

177 1722 316 1782 reddere,
357 1721 554 1798 Notavitque
573 1720 700 1795 multos,
715 1725 747 1779 et
768 1718 918 1796 quosdam
939 1719 1135 1798 inopinantis
1154 1725 1186 1779 et

179 1847 217 1887 ex
239 1845 335 1887 causa
355 1828 429 1886 novi
451 1826 583 1903 generis,
598 1824 683 1903 quod
705 1843 738 1884 se
759 1825 858 1884 inscio
877 1842 913 1884 ac
928 1824 996 1884 sine
1011 1830 1187 1885 commeatu

180 1932 277 1992 Italia
296 1931 520 2006 excessissent3
543 1930 700 2008 quendam
721 1948 797 1989 vero
819 1935 851 1988 et
872 1928 956 2006 quod
978 1947 1081 1989 comes
1103 1928 1186 2005 regis
1203 1946 1231 1992 ro

180 2037 213 2096 in
233 2036 398 2115 provincia
418 2036 543 2110 fuisset,
565 2035 715 2111 referens,
735 2035 888 2093 maiorum
911 2034 1105 2112 temporibus
1127 2035 1188 2095 Ra-

180 2141 260 2202 birio
274 2143 434 2216 Postumo,
445 2140 661 2201 Ptolemaeum
672 2139 898 2199 Alexandriam
912 2139 1025 2199 crediti
1040 2140 1187 2200 servandi

180 2266 274 2307 causa
301 2253 417 2321 secuto,
442 2225 561 2305 crimen
588 2245 774 2324 maiestatis
793 2245 877 2322 apud
905 2244 1024 2305 indices
1056 2251 1185 2305 motum.

180 2352 292 2412 Plures
312 2357 422 2411 notare
443 2357 582 2425 conatus,
603 2368 718 2425 magna
740 2349 961 2426 inquisitorum
988 2350 1188 2426 neglegentia

181 2457 235 2517 sed
257 2476 314 2517 suo
334 2457 451 2517 maiore
472 2456 631 2530 dedecore,
647 2454 793 2515 innoxios
812 2455 879 2514 iere
899 2455 1047 2533 repperit,
1062 2456 1187 2532 quibus·
1203 2473 1233 2519 20

180 2581 314 2639 cumque
332 2560 520 2621 caelibatum
534 2567 590 2621 aut
603 2560 772 2620 orbitatem
786 2564 842 2620 ant
856 2565 1025 2637 egestatem
1041 2561 1185 2635 obiceret,

180 2667 319 2741 maritos,
345 2672 460 2745 patres,
485 2666 651 2744 opulentos
677 2684 710 2726 se
736 2664 959 2743 probantibus3
988 2665 1186 2742 ecquidem,

181 2773 236 2849 qui
264 2772 391 2832 sibimet
419 2772 484 2830 vim
516 2771 602 2830 ferro
634 2770 782 2830 intulisse
817 2770 1013 2847 arguebatur,
1042 2769 1185 2830 illaesum

180 2896 293 2956 corpus
308 2883 396 2938 veste
409 2877 554 2955 deposita
568 2881 755 2945 ostentante.
799 2876 941 2935 Fuerunt
956 2882 988 2935 et
1002 2874 1058 2936 illa
1072 2875 1105 2935 in
1121 2894 1188 2935 cen-

181 3003 254 3044 sura
273 2984 341 3043 eius
360 2982 522 3058 notabilia,
534 2983 618 3059 quod
638 2982 781 3043 essedum
797 2986 989 3056 argenteum,
1006 2987 1187 3059 sumptuose
1202 3001 1232 3046 ae

181 3089 368 3149 fabricatum
398 3107 434 3148 ac
458 3087 569 3148 venale
597 3088 637 3147 ad
666 3086 835 3162 Sigillaria,
865 3085 976 3144 redimi
1004 3086 1187 3163 concidique

181 3213 285 3255 coram
306 3192 491 3273 imperavit3
514 3192 659 3271 quodque
673 3211 737 3252 uno
751 3191 801 3251 die
817 3192 881 3251 XX
897 3191 1001 3251 edicta
1015 3191 1186 3269 proposuit,

181 3300 264 3378 inter
281 3318 361 3377 quae
381 3299 453 3374 duo,
469 3318 600 3376 quorum
619 3297 720 3357 altero
737 3296 935 3371 admonebat,
951 3301 988 3356 ut
1001 3296 1091 3356 uberi
1105 3297 1188 3357 vine

182 3425 269 3466 arum
285 3410 442 3483 proventu
455 3404 533 3463 bene
548 3402 633 3463 dolia
647 3402 845 3480 picerentu13
868 3400 976 3476 altero,
993 3401 1075 3461 nihil
1089 3420 1187 3481 aeque
1241 3481 1245 3486 .

182 3511 284 3571 faeere
298 3512 339 3571 ad
352 3509 482 3587 viperae
496 3525 635 3568 morsum
649 3525 743 3583 quam
757 3506 826 3566 taxi
841 3505 960 3567 arboris
975 3524 1092 3566 sucum.
1204 3522 1232 3569 au

136 3614 169 3667 17
220 3614 467 3694 Expeditionem
478 3591 572 3672 unam
583 3610 710 3671 omnino
721 3610 869 3688 suscepit,
881 3628 1011 3688 eamque
1023 3610 1186 3671 modicam

183 3720 267 3796 Cum,
291 3716 431 3782 decretis
458 3714 518 3775 sibi
541 3736 560 3777 a
584 3720 698 3775 senatu
720 3714 913 3775 ornamentis
934 3714 1187 3793 triumphalibus,

987 732 1138 793 Cemmhip
