2984 4359
465 288 577 340 amna
599 288 653 340 111.
704 288 886 341 rmuams.
1139 276 1181 340 33

174 466 374 539 sequeretur3
397 466 469 540 post
485 461 574 523 cuius
591 461 756 522 interitum
773 462 824 522 vel
842 461 1045 523 saevissimus
1064 461 1179 522 extitit

173 567 239 637 Quo
253 566 392 627 maxime
406 566 562 644 apparuit,
574 586 636 627 non
651 572 717 627 tam
730 567 835 645 ipsum
849 567 889 627 ab
904 567 1016 627 Seiano
1031 566 1181 627 concitari

175 671 312 746 solitum,
342 689 437 748 quam
465 671 613 731 Seianum
636 671 801 749 quaerenti
823 672 1000 732 occasiones
1022 672 1183 732 summini-

175 783 308 852 strasse3
331 775 393 836 etsi
413 777 644 852 commentario,
660 796 755 854 quem
776 776 814 837 de
836 776 904 837 vita
923 796 981 838 sua
1002 778 1183 837 summatim
1229 793 1263 886 p

175 882 374 959 breviterque
399 882 582 959 composuit,
608 901 703 943 ausus
731 888 780 942 est
808 882 951 958 scribere,
978 883 1128 943 Seianam
1153 902 1214 947 sca

171 992 306 1064 ptume,
321 990 401 1063 quod
414 991 603 1063 comperisset
610 990 717 1063 furere
727 991 872 1047 adunate
886 989 994 1048 liberos
1008 989 1185 1048 Germanici

172 1095 236 1169 filii
263 1096 332 1151 eat·
364 1110 497 1170 quorum
526 1092 593 1170 ipse
621 1092 757 1152 alterum
783 1098 929 1171 suspecto
954 1093 1026 1167 iam,
1049 1093 1184 1153 alterum

177 1216 325 1276 oppresso
346 1197 472 1257 demum
494 1197 607 1258 Seiano
628 1197 796 1257 interemit.

217 1302 410 1379 Singillatim
434 1302 603 1362 crudeliter
623 1303 710 1363 facta
730 1303 797 1363 eius
818 1303 948 1381 exsequi
969 1303 1096 1381 longum
1118 1310 1183 1381 est3

178 1428 300 1485 genera,
324 1408 411 1469 velut
430 1408 624 1487 exemplaria
648 1408 807 1484 saevitiae,
830 1428 1012 1470 enumerare
1037 1417 1087 1472 sat
1114 1411 1231 1471 erit.1o

177 1513 294 1575 Nullus
316 1533 336 1574 a
356 1533 457 1593 poena
478 1513 642 1573 hominum
662 1513 956 1589 retransmeant

167 1605 343 1695 religiosus
364 1619 492 1697 quidem
513 1638 548 1679 ac
573 1638 674 1696 sacer3
703 1595 956 1680 animadversum
983 1608 1127 1657 ΜΨ

178 1723 212 1783 in
234 1724 385 1802 quosdam
409 1724 538 1784 ineunte
561 1743 643 1784 anno
665 1743 755 1784 nevo.
805 1725 956 1785 Accusati
984 1685 1171 1806 {mma

178 1829 380 1907 damnatique
400 1829 494 1889 multi
512 1848 583 1889 cum
604 1828 727 1889 libertis
744 1835 839 1907 atque
861 1831 957 1890 etiam

178 1934 284 1995 liberis
306 1934 381 1995 suis.
424 1934 634 1995 Interdictum
651 1953 691 1994 ne
708 1934 811 2011 capite
830 1925 995 1996 damnatos
1016 1936 1231 2015 propinquius

178 2038 329 2115 lugerent.
370 2040 505 2100 Decreta
518 2040 751 2118 accusatoribus
766 2039 934 2118 praecipua
949 2042 1097 2119 praemia,
1113 2060 1186 2102 non·

177 2163 348 2222 numquam
362 2150 396 2205 et
409 2144 551 2205 testibus.
596 2143 726 2205 Nemini
741 2144 917 2204 delatorum
932 2145 1010 2205 fides
1027 2125 1195 2223 abrogata]

178 2249 276 2309 Omne
304 2249 423 2308 crimen
450 2268 507 2328 pro
535 2248 664 2328 capitali
692 2255 861 2326 receptum,
891 2250 987 2310 etiam
1016 2255 1195 2329 paucorumx

178 2353 431 2432 simpliciumque
452 2354 626 2415 verborum.
669 2354 835 2416 Obiectum
854 2360 902 2415 est
918 2362 1037 2436 poetae,
1053 2356 1137 2433 quod
1151 2356 1185 2415 in

176 2459 337 2535 tragoedia
364 2459 630 2535 Agamemnonem
654 2459 778 2539 probris
803 2459 997 2536 lacessisset3
1030 2461 1184 2521 obiectum
1201 2474 1230 2520 20

177 2568 208 2622 et
220 2563 381 2640 historico,
397 2564 482 2641 quod
501 2564 635 2624 Brutum
656 2564 863 2640 Cassiumque
885 2565 1014 2625 ultimos
1032 2566 1185 2627 Romano

176 2687 245 2727 rum
259 2669 408 2745 dixisset3
432 2668 684 2729 animadversum
707 2669 815 2729 statim
837 2669 870 2729 in
893 2676 1033 2731 auctores
1057 2672 1185 2749 scripta·

177 2791 235 2850 que
264 2773 391 2849 abolita,
420 2774 564 2851 quamvis
593 2774 801 2852 probarentur
829 2780 903 2835 ante
928 2775 1050 2852 aliquot
1075 2796 1182 2852 annos,

177 2878 270 2939 etiam
286 2880 431 2955 Augusto
451 2879 608 2954 audiente,
628 2879 769 2940 recitata.
812 2880 1006 2951 Quibusdam
1023 2882 1184 2942 custodiae

176 2984 301 3044 traditis
312 3003 376 3043 non
388 2984 480 3044 modo
494 2984 642 3045 studendi
654 2984 806 3044 solacium
817 2984 1008 3063 ademptum,
1021 2986 1182 3047 sedetiam
1199 3007 1229 3052 st

177 3089 326 3150 sermonis
346 3094 379 3149 et
399 3088 547 3168 colloquii
569 3109 654 3150 usus.
697 3089 796 3150 Citati
813 3090 854 3150 ad
872 3109 996 3150 causam
1019 3091 1182 3153 dicendam

176 3195 290 3273 partim
314 3195 453 3256 sodomi
475 3195 719 3256 vulneraverunt
741 3195 819 3256 certi
848 3196 1060 3257 damnationis
1086 3203 1118 3257 et
1142 3198 1183 3258 ad
1247 3185 1249 3188 ’

176 3301 371 3361 vexationem
394 3300 662 3380 ignominiamque
686 3300 859 3377 vitandam,
883 3302 999 3381 partim
1024 3302 1057 3361 in
1079 3302 1184 3364 media

176 3406 261 3466 curia
274 3426 428 3468 venenum
447 3407 632 3484 hauserunt3
655 3413 807 3468 ettamen
826 3408 982 3484 colligatis
999 3406 1181 3469 tulneribus

176 3529 209 3571 ac
232 3512 431 3574 semianimes
453 3512 707 3591 palpitantesque
729 3513 830 3572 adhuc
853 3513 888 3571 in
910 3532 1063 3574 carcerem
1088 3512 1180 3591 rapti.
1198 3527 1226 3572 eo

175 3617 275 3679 Nemo
302 3618 486 3698 punitorum
514 3635 577 3676 non
605 3616 639 3675 in
668 3617 838 3677 Gemonias
870 3599 1024 3679 abiectus·
1039 3638 1181 3696 uncoque

175 3727 300 3800 uuus,
315 3720 434 3799 viginti
455 3740 516 3780 uno
537 3720 588 3780 die
609 3719 723 3780 abiecti
744 3721 908 3800 tractique,
924 3723 1007 3783 inter
1023 3742 1077 3783 eos
1092 3723 1181 3785 femi·
