2984 4359
507 302 619 351 arnan
643 301 691 351 vr.
745 301 851 352 nanc.
1120 289 1183 354 121

176 474 277 551 doque
293 473 409 548 studio,
425 480 461 533 ut
475 473 705 534 conservandae
720 473 806 534 vocis
824 473 926 550 gratia
941 492 1043 551 neque
1064 474 1183 536 milites

176 598 336 656 umquam,
352 578 414 638 nisi
430 578 543 638 absens
559 583 614 637 aut
635 577 698 637 alio
717 578 813 638 verba
833 578 1065 657 pronuntiante,
1080 580 1184 658 appel·

178 684 256 744 laret
281 703 384 761 neque
410 683 578 761 quicquam
604 682 685 742 serio
710 683 817 742 iocove
841 683 949 759 egerit,
973 683 1035 744 nisi
1061 691 1183 745 astante

180 789 345 866 phonascO,
365 788 421 866 qui
438 793 587 863 moneret,
602 797 742 865 parceret
763 792 885 848 artemis
905 808 941 848 cc
961 792 1121 849 eudemum
1141 794 1183 850 cd

180 916 210 954 or
233 898 400 971 applicaret
405 913 419 968 ,·
443 893 616 970 multisque
639 893 690 952 vel
719 894 891 954 amicitiam
919 913 1008 954 suam
1032 895 1213 960 obtulerits

179 1001 227 1060 vel
252 1000 446 1061 simultatem
470 997 631 1074 indixerit,
656 1004 750 1077 prout
774 999 907 1077 quisque
931 1018 965 1060 se
989 1000 1088 1075 magis
1116 1019 1183 1079 par·

177 1108 282 1166 ciusve
297 1105 466 1165 laudasset.

128 1217 164 1268 26
217 1210 441 1281 Petulantiam,
464 1209 637 1285 libidinem,
660 1209 828 1284 luxuriam,
854 1209 1028 1286 avaritiam,
1052 1210 1182 1271 crudeli-

177 1323 274 1376 tatem
292 1316 410 1375 sensim
429 1315 556 1396 quidem
578 1314 680 1393 primo
701 1320 733 1373 et
754 1314 874 1374 occulte
895 1320 927 1374 et
940 1314 1029 1375 velut
1049 1314 1181 1375 iuvenili

177 1441 278 1481 errore
297 1420 445 1494 exercuit,
465 1420 520 1480 sed
537 1425 573 1479 ut
590 1425 665 1479 tunc
683 1438 807 1497 quoque
827 1419 957 1479 dubium
1199 1437 1228 1482 10

176 1526 297 1585 nemini
318 1526 410 1598 foret,
428 1533 559 1584 naturae
581 1522 637 1584 illa
654 1523 741 1598 vitia,
760 1543 823 1583 non
844 1524 958 1584 aetatis
983 1500 1100 1621 {mx

177 1651 251 1691 esse.
282 1632 362 1691 Post
371 1628 589 1707 crepusculum
600 1628 709 1689 statim
721 1628 851 1706 adrepto
862 1628 958 1707 pilleo

178 1736 226 1795 vel
255 1735 362 1812 galero
392 1735 525 1813 popinas
556 1734 658 1794 inibat
691 1733 869 1810 circumque
897 1734 981 1794 vicos
1010 1735 1182 1810 vagabatur

176 1840 380 1913 ludibundus,
406 1858 462 1899 nec
491 1839 559 1899 sine
583 1837 721 1917 pernicie
746 1844 861 1899 tamen.
913 1838 1075 1916 Siquidem
1100 1840 1182 1900 rede·

176 1945 263 2005 nutis
284 1965 303 2004 a
320 1964 397 2004 cena
410 1944 573 2004 verberare
591 1962 626 2003 ac
647 1949 858 2021 repugnantes
873 1944 1037 2003 vulnerare
1059 1943 1182 2005 cloacis
1199 1964 1228 2010 11

178 2069 236 2126 que
270 2050 449 2125 demergere
477 2055 627 2124 assuerat,
656 2049 803 2109 tabernas
832 2049 928 2109 etiam
958 2049 1123 2124 effringere
1151 2055 1183 2109 et

177 2155 336 2234 expilare3
369 2155 524 2231 quintana
547 2153 631 2213 domi
658 2154 840 2228 constituta,
865 2154 920 2215 ubi
947 2160 1055 2232 partae
1083 2161 1115 2215 et
1142 2154 1182 2214 ad
1216 2197 1219 2202 »

177 2259 385 2320 licitationem
413 2260 601 2319 dividendae
629 2260 762 2336 praedae
791 2259 927 2337 pretium
958 2259 1180 2320 absumeretur.

177 2366 223 2426 Ac
239 2383 332 2441 saepe
347 2364 461 2424 ineius
479 2364 562 2423 modi
580 2363 658 2425 rixis
675 2364 835 2424 oculorum
857 2370 889 2424 et
902 2363 987 2423 vitae
1009 2365 1193 2443 perieulum·

178 2469 266 2544 adiit,
289 2489 308 2529 a
332 2469 466 2546 quodam
491 2468 662 2544 laticlavio,
684 2470 773 2529 ouius
797 2487 925 2529 uxorem
951 2475 1181 2544 attrectaverat,
1198 2487 1229 2533 1ο

177 2593 274 2653 prope
289 2573 330 2633 ad
344 2593 449 2633 necem
466 2593 582 2634 caesus.
625 2574 726 2644 Quare
741 2593 912 2652 numquam
931 2580 1041 2652 postea
1057 2573 1182 2652 publico

178 2699 210 2739 se
232 2679 314 2738 illud
338 2679 433 2739 horae
455 2679 522 2739 sine
543 2679 680 2740 tribunis
702 2679 859 2739 commisit
880 2679 986 2757 procul
1008 2685 1041 2739 et
1062 2678 1182 2739 occulte

178 2784 450 2861 subsequentibus
494 2784 639 2843 Interdiu
663 2803 787 2861 quoque
811 2784 891 2844 clam
913 2784 1084 2861 gestatoria
1104 2783 1183 2844 sella

179 2889 301 2949 delatus
317 2889 350 2948 in
365 2889 533 2964 theatrum,
549 2889 758 2950 seditionibus
776 2889 1039 2967 pantomimorum
1057 2908 1074 2949 e
1093 2895 1181 2967 parte

178 2994 352 3072 proscaenii
372 2995 531 3072 superiore
553 2995 686 3071 signifer
707 2995 801 3055 simul
822 2983 857 3054 ao
879 3000 1036 3072 spectator
1056 2995 1180 3071 aderat3
1198 3016 1228 3061 25

179 3105 210 3159 et
237 3118 309 3159 cum
337 3101 378 3159 ad
406 3118 516 3161 manus
544 3107 680 3184 uentum¹
701 3107 784 3162 esset
811 3100 1032 3178 lapidibusque
1057 3106 1089 3159 et
1114 3100 1183 3160 sub

180 3204 337 3266 selliorum
361 3206 570 3281 fragminibus
591 3209 818 3282 decerneretur,
840 3206 941 3266 multa
960 3212 992 3265 et
1016 3205 1083 3284 ipse
1108 3205 1183 3266 iecit

180 3311 212 3369 in
236 3312 398 3389 populum,
423 3318 518 3389 atque
541 3313 636 3372 etiam
661 3312 814 3390 praetoris
839 3317 933 3389 caput
960 3311 1181 3372 consauciavit

134 3422 167 3476 17
180 3416 338 3476 Paulatim
361 3434 436 3476 vero
464 3416 728 3478 invalescentibus
753 3417 850 3492 vitiis,
875 3415 1025 3476 iocularia
1052 3421 1084 3475 et
1109 3416 1183 3476 late·
1231 3485 1233 3490 ,

180 3520 249 3581 bras
263 3520 372 3582 omisit
389 3520 539 3598 nullaque
555 3520 777 3582 dissimulandi
796 3540 871 3581 cura
888 3521 928 3581 ad
948 3522 1065 3581 maiora
1078 3520 1182 3599 palam
1199 3538 1228 3584 so
1324 3557 1326 3566 ‚

181 3626 289 3704 erupit.
788 3622 790 3626 '

218 3731 337 3809 Epulas
359 3749 380 3789 a
399 3730 502 3790 medio
522 3731 574 3791 die
599 3731 640 3792 ad
664 3730 800 3791 mediam
823 3736 947 3794 noctem
972 3729 1182 3808 protrahebat,
