2984 4359
395 285 507 335 LIBER
532 285 565 337 V.
617 284 730 336 1³1st
754 284 948 337 CLAUDIUS.
1133 276 1174 343 ’Π
1232 327 1235 332 ⁴

164 431 273 518 obviis⁸
286 457 461 519 scribarum
475 456 620 533 decuriis,
635 458 677 518 ad
696 458 806 519 urbem
824 458 988 519 devectum
1008 460 1176 539 sepultum·

164 580 225 640 que
240 562 342 623 estin
356 581 466 640 campo
480 562 604 623 Martie.
646 563 790 624 Ceterum
806 564 961 624 exercitus
975 564 1176 627 honorarium

165 666 194 727 ei
207 668 372 728 tumulum
386 667 546 743 excitavit,
560 666 644 728 circa
660 687 755 746 quem
774 668 921 747 deinceps
940 675 1024 730 stato
1038 670 1089 732 die
1103 691 1176 750 quo

164 773 274 834 tamus
300 773 392 835 miles
416 773 596 833 decurreret
624 772 863 851 Galliarumque
887 773 1032 836 civitates
1051 777 1176 853 publice

164 879 395 957 supplicarent.
439 878 608 938 Praeterea
638 883 766 938 senatus
802 878 885 938 inter
920 879 984 940 alia
1015 882 1207 960 complutae

166 1002 378 1045 marmoreum
398 1002 505 1044 arcum
527 1002 598 1043 cum
618 982 755 1060 tropaeis
775 983 839 1044 Via
859 984 964 1062 Appia
982 985 1120 1047 decrevit
1144 992 1176 1047 et

165 1089 352 1150 Germanici
364 1106 535 1165 cognomen
550 1088 613 1166 ipsi
626 1088 822 1165 posterisque
836 1087 913 1149 eius.
949 1090 1060 1152 Fuisse
1071 1097 1174 1153 autem

164 1193 308 1255 creditur
322 1213 387 1254 non
399 1195 504 1255 minus
518 1193 646 1271 gloriosi
665 1212 760 1271 quam
780 1193 883 1255 civilis
904 1194 1018 1271 animi3
1040 1214 1114 1257 nam
1135 1217 1175 1257 ex

164 1298 257 1361 hoste
280 1318 376 1377 super
390 1299 538 1360 victorias
559 1299 665 1377 opima
678 1317 803 1377 quoque
817 1299 920 1377 spolia
938 1307 1080 1378 captasse
1095 1321 1175 1363 sum·

165 1423 282 1483 meque
305 1406 432 1484 saepius
453 1404 634 1465 discrimine
655 1404 750 1465 duces
773 1405 1000 1466 Germanorum
1020 1412 1088 1467 tota
1108 1407 1174 1468 acie
1191 1422 1220 1468 10

166 1508 359 1586 insectatus3
384 1528 442 1570 nec
467 1508 684 1570 dissimulasse
707 1528 856 1587 umquam
881 1510 1050 1588 pristinum
1073 1530 1107 1573 se
1128 1514 1174 1573 rei

165 1615 313 1693 publicae
333 1622 460 1691 statum,
476 1616 662 1694 quandoque
679 1620 794 1693 posset,
808 1615 1036 1676 restituturum.
1079 1618 1174 1679 Unde

166 1721 317 1782 existimo
340 1720 510 1781 nonnullos
537 1720 661 1781 tradere
685 1739 788 1796 ausos,
813 1727 993 1799 suspectum
1017 1741 1088 1782 eum
1111 1723 1175 1782 Au-

166 1832 259 1902 gusto
285 1833 526 1903 revocatamque
551 1844 590 1885 ex
614 1824 778 1903 provincia
804 1831 837 1885 et
863 1826 939 1904 quia
965 1833 1173 1903 cunctaretur,

166 1929 379 2009 interceptum
402 1948 529 1991 veneno.
571 1930 661 2002 Quod
684 1930 830 2008 equidem
855 1931 1017 2007 magisne
1040 1938 1220 2010 praeter-15

166 2035 329 2097 mitterem
344 2036 462 2111 rettuli,
478 2054 571 2113 quam
586 2034 662 2113 quia
671 2053 781 2095 verum
795 2041 851 2096 aut
862 2036 927 2097 veri
939 2036 1042 2097 simile
1056 2043 1172 2116 putem,

167 2159 237 2201 curn
251 2142 417 2218 Augustus
431 2146 521 2203 tanto
539 2159 631 2219 opere
653 2146 685 2201 et
700 2141 807 2201 vivum
828 2141 984 2217 dilexerit,
999 2147 1035 2202 ut
1053 2142 1175 2204 cohere

167 2246 238 2307 dem
262 2265 388 2326 semper
408 2246 487 2307 filiis
512 2246 696 2322 instituerit,
720 2246 802 2307 siout
826 2247 983 2324 quondam
1005 2247 1039 2307 in
1063 2254 1175 2310 senatu

167 2353 332 2430 professus
350 2357 407 2428 est,
422 2357 455 2412 et
473 2352 657 2412 defunctum
679 2351 726 2411 ita
746 2371 803 2429 pro
823 2351 967 2413 contione
986 2352 1173 2430 laudaverit,

166 2462 203 2518 nt
216 2458 294 2520 deos
311 2462 456 2536 precatus
471 2457 523 2532 sit,
537 2459 652 2517 similes
665 2461 693 2516 ei
709 2456 855 2518 Caesarea
868 2477 939 2518 scos
945 2462 1092 2536 fecererat,
1107 2462 1175 2520 aiot
1189 2472 1221 2520 20

167 2582 222 2639 que
235 2573 303 2624 tam
316 2564 472 2623 donatam
485 2565 664 2638 quaudoque
678 2566 790 2622 ericum
804 2566 912 2623 dorent
922 2583 1014 2640 qaam
1024 2566 1070 2623 illi
1080 2567 1175 2625 dedis·

167 2677 237 2728 acret
282 2668 351 2728 Nec
369 2672 535 2728 contentus
553 2667 690 2744 elogium
710 2667 832 2727 tumulo
853 2667 920 2729 eius
939 2669 1080 2730 versibus
1101 2688 1121 2729 a
1141 2687 1174 2731 se

167 2773 351 2853 compositis
365 2771 579 2850 insculpsisse,
594 2771 691 2833 etiarn
704 2772 791 2834 vitae
809 2773 991 2834 memoriam
1005 2793 1098 2853 prosa
1111 2793 1175 2835 ora

167 2877 254 2940 tione
269 2878 453 2957 composuit.

205 2985 259 3045 Ex
281 2983 423 3044 Antonia
444 2983 564 3043 minore
585 2983 761 3061 complures
789 2983 915 3061 quidem
952 2983 1067 3046 liberos
1089 2984 1174 3062 tulit,
1191 3002 1221 3049 aa

167 3108 279 3151 verum
310 3094 375 3151 tres
407 3089 534 3149 omnino
567 3088 711 3166 reliquit:
751 3089 981 3168 Germanicum,
1015 3089 1175 3174 Livillam,

168 3193 346 3257 Claudium.

139 3307 156 3360 2
190 3330 192 3332 >
207 3299 362 3362 Claudius
376 3304 530 3361 natusest
544 3297 629 3359 Iulio
643 3299 792 3376 Antonio,
804 3299 903 3361 Fabio
913 3299 1064 3362 Africano
1075 3321 1174 3363 conss.

168 3405 221 3468 Kl.
237 3406 320 3484 Aug.
336 3404 515 3482 Luguduni,
530 3423 568 3465 eo
580 3404 651 3483 ipso
669 3404 721 3466 die
737 3423 799 3482 quo
813 3406 949 3484 primum
974 3449 1048 3497 m
1057 3451 1107 3496 nd

169 3528 221 3572 ara
249 3510 294 3573 ibi
324 3511 471 3587 Augusto
498 3509 643 3570 dedicate
672 3515 731 3587 est,
760 3509 951 3588 appellatus·
975 3522 1139 3583 mlymeof
1192 3524 1223 3571 ao

169 3635 227 3695 que
248 3614 397 3678 Tiberius
411 3613 563 3676 Claudius
581 3616 713 3676 Drusus.
756 3616 833 3675 Mox
851 3616 950 3677 fratre
975 3596 1095 3645 ΨΜ

169 3723 284 3785 maiore
304 3722 342 3782 in
366 3718 483 3782 Iuliam
504 3718 660 3781 familiam
682 3720 841 3801 adoptato,
867 3721 1046 3784 Germanici
1070 3740 1179 3798 cogno
