<?xml version="1.0" encoding="UTF-8"?>
<!DOCTYPE html PUBLIC "-//W3C//DTD XHTML 1.0 Transitional//EN"
    "http://www.w3.org/TR/xhtml1/DTD/xhtml1-transitional.dtd">
<html xmlns="http://www.w3.org/1999/xhtml" xml:lang="en" lang="en">
 <head>
  <title>
</title>
<meta http-equiv="Content-Type" content="text/html;charset=utf-8" />
  <meta name='ocr-system' content='tesseract 3.04.00' />
  <meta name='ocr-capabilities' content='ocr_page ocr_carea ocr_par ocr_line ocrx_word'/>
</head>
<body>
  <div class='ocr_page' id='page_1' title='image "./gaisuetonitranq00unkngoog_0142.png"; bbox 0 0 2984 4359; ppageno 0'>
   <div class='ocr_carea' id='block_1_1' title="bbox 295 247 1258 325">
    <p class='ocr_par' dir='ltr' id='par_1_1' title="bbox 295 247 1258 325">
     <span class='ocr_line' id='line_1_1' title="bbox 295 247 1258 325; baseline 0.003 -13"><span class='ocrx_word' id='word_1_1' title='bbox 295 247 358 313; x_wconf 86' lang='lat'>100</span> <span class='ocrx_word' id='word_1_2' title='bbox 398 262 428 313; x_wconf 82' lang='lat' dir='ltr'>c,</span> <span class='ocrx_word' id='word_1_3' title='bbox 448 261 606 314; x_wconf 80' lang='lat' dir='ltr'>sonronr</span> <span class='ocrx_word' id='word_1_4' title='bbox 628 262 855 325; x_wconf 68' lang='lat' dir='ltr'>ceruorum</span> <span class='ocrx_word' id='word_1_5' title='bbox 874 264 924 315; x_wconf 84' lang='lat' dir='ltr'>nn</span> <span class='ocrx_word' id='word_1_6' title='bbox 945 264 1036 315; x_wconf 75' lang='lat' dir='ltr'>vrrs</span> <span class='ocrx_word' id='word_1_7' title='bbox 1056 265 1258 317; x_wconf 68' lang='lat' dir='ltr'>cassanum</span> 
     </span>
    </p>
   </div>
   <div class='ocr_carea' id='block_1_2' title="bbox 195 434 1372 3782">
    <p class='ocr_par' dir='ltr' id='par_1_2' title="bbox 195 434 1372 3782">
     <span class='ocr_line' id='line_1_2' title="bbox 294 434 1300 513; baseline 0.003 -19"><span class='ocrx_word' id='word_1_8' title='bbox 294 453 418 512; x_wconf 91' lang='lat' dir='ltr'>quoque</span> <span class='ocrx_word' id='word_1_9' title='bbox 452 453 587 494; x_wconf 85' lang='lat' dir='ltr'>amorem</span> <span class='ocrx_word' id='word_1_10' title='bbox 617 434 899 512; x_wconf 87' lang='lat' dir='ltr'>flagrantissimum</span> <span class='ocrx_word' id='word_1_11' title='bbox 926 455 990 496; x_wconf 90' lang='lat' dir='ltr'>non</span> <span class='ocrx_word' id='word_1_12' title='bbox 1017 442 1082 497; x_wconf 90' lang='lat' dir='ltr'>tam</span> <span class='ocrx_word' id='word_1_13' title='bbox 1111 437 1300 513; x_wconf 78' lang='lat' dir='ltr'>indignitate</span> 
     </span>
     <span class='ocr_line' id='line_1_3' title="bbox 293 538 1301 618; baseline 0.002 -18"><span class='ocrx_word' id='word_1_14' title='bbox 293 538 554 600; x_wconf 89' lang='lat' dir='ltr'>contumeliarum</span> <span class='ocrx_word' id='word_1_15' title='bbox 570 559 664 617; x_wconf 86' lang='lat' dir='ltr'>quam</span> <span class='ocrx_word' id='word_1_16' title='bbox 679 539 812 618; x_wconf 86' lang='lat' dir='ltr'>periculi</span> <span class='ocrx_word' id='word_1_17' title='bbox 829 547 917 601; x_wconf 89' lang='lat' dir='ltr'>metu</span> <span class='ocrx_word' id='word_1_18' title='bbox 930 541 1054 616; x_wconf 88' lang='lat' dir='ltr'>abiecit,</span> <span class='ocrx_word' id='word_1_19' title='bbox 1069 560 1139 602; x_wconf 91' lang='lat' dir='ltr'>cum</span> <span class='ocrx_word' id='word_1_20' title='bbox 1159 541 1301 602; x_wconf 91' lang='lat' dir='ltr'>adultero</span> 
     </span>
     <span class='ocr_line' id='line_1_4' title="bbox 294 645 1298 724; baseline -0.001 -18"><span class='ocrx_word' id='word_1_21' title='bbox 294 646 373 707; x_wconf 83' lang='lat' dir='ltr'>Silio</span> <span class='ocrx_word' id='word_1_22' title='bbox 387 645 508 723; x_wconf 81' lang='lat' dir='ltr'>acquiri</span> <span class='ocrx_word' id='word_1_23' title='bbox 531 645 697 724; x_wconf 86' lang='lat' dir='ltr'>imperium</span> <span class='ocrx_word' id='word_1_24' title='bbox 718 645 921 722; x_wconf 81' lang='lat' dir='ltr'>credidisset3</span> <span class='ocrx_word' id='word_1_25' title='bbox 943 664 1006 723; x_wconf 89' lang='lat' dir='ltr'>quo</span> <span class='ocrx_word' id='word_1_26' title='bbox 1018 651 1159 724; x_wconf 90' lang='lat' dir='ltr'>tempore</span> <span class='ocrx_word' id='word_1_27' title='bbox 1173 647 1298 706; x_wconf 79' lang='lat' dir='ltr'>foedum</span> 
     </span>
     <span class='ocr_line' id='line_1_5' title="bbox 293 750 1301 828; baseline 0.001 -16"><span class='ocrx_word' id='word_1_28' title='bbox 293 752 327 812; x_wconf 85' lang='lat' dir='ltr'>in</span> <span class='ocrx_word' id='word_1_29' title='bbox 351 753 478 812; x_wconf 91' lang='lat' dir='ltr'>modum</span> <span class='ocrx_word' id='word_1_30' title='bbox 505 750 648 828; x_wconf 86' lang='lat' dir='ltr'>trepidus</span> <span class='ocrx_word' id='word_1_31' title='bbox 677 750 719 810; x_wconf 87' lang='lat' dir='ltr'>ad</span> <span class='ocrx_word' id='word_1_32' title='bbox 746 758 850 811; x_wconf 89' lang='lat' dir='ltr'>castra</span> <span class='ocrx_word' id='word_1_33' title='bbox 875 750 1027 828; x_wconf 81' lang='lat' dir='ltr'>confugit,</span> <span class='ocrx_word' id='word_1_34' title='bbox 1052 751 1135 810; x_wconf 89' lang='lat' dir='ltr'>nihil</span> <span class='ocrx_word' id='word_1_35' title='bbox 1157 759 1226 813; x_wconf 89' lang='lat' dir='ltr'>tota</span> <span class='ocrx_word' id='word_1_36' title='bbox 1248 754 1301 813; x_wconf 86' lang='lat' dir='ltr'>via</span> 
     </span>
     <span class='ocr_line' id='line_1_6' title="bbox 261 835 1347 936; baseline 0.003 -16"><span class='ocrx_word' id='word_1_37' title='bbox 261 874 277 920; x_wconf 79' lang='lat' dir='ltr'>c</span> <span class='ocrx_word' id='word_1_38' title='bbox 292 877 387 936; x_wconf 86' lang='lat' dir='ltr'>quam</span> <span class='ocrx_word' id='word_1_39' title='bbox 401 868 511 919; x_wconf 79' lang='lat' dir='ltr'>essetne</span> <span class='ocrx_word' id='word_1_40' title='bbox 526 860 585 916; x_wconf 79' lang='lat' dir='ltr'>sibi</span> <span class='ocrx_word' id='word_1_41' title='bbox 596 859 714 915; x_wconf 78' lang='lat' dir='ltr'>calonna</span> <span class='ocrx_word' id='word_1_42' title='bbox 729 860 890 931; x_wconf 81' lang='lat' dir='ltr'>imperium</span> <span class='ocrx_word' id='word_1_43' title='bbox 905 856 1075 935; x_wconf 90' lang='lat' dir='ltr'>requirens.</span> <span class='ocrx_word' id='word_1_44' title='bbox 1111 858 1210 919; x_wconf 88' lang='lat' dir='ltr'>Nulla</span> <span class='ocrx_word' id='word_1_45' title='bbox 1224 860 1301 920; x_wconf 90' lang='lat' dir='ltr'>adeo</span> <span class='ocrx_word' id='word_1_46' title='bbox 1314 835 1347 925; x_wconf 62' lang='lat' dir='ltr'>sl</span> 
     </span>
     <span class='ocr_line' id='line_1_7' title="bbox 293 961 1301 1045; baseline -0.002 -20"><span class='ocrx_word' id='word_1_47' title='bbox 293 962 439 1042; x_wconf 88' lang='lat' dir='ltr'>suspicio,</span> <span class='ocrx_word' id='word_1_48' title='bbox 454 963 561 1022; x_wconf 92' lang='lat' dir='ltr'>nullus</span> <span class='ocrx_word' id='word_1_49' title='bbox 575 968 682 1045; x_wconf 82' lang='lat' dir='ltr'>auctor</span> <span class='ocrx_word' id='word_1_50' title='bbox 697 966 762 1021; x_wconf 85' lang='lat' dir='ltr'>tarn</span> <span class='ocrx_word' id='word_1_51' title='bbox 779 961 858 1021; x_wconf 88' lang='lat' dir='ltr'>levis</span> <span class='ocrx_word' id='word_1_52' title='bbox 872 962 1004 1037; x_wconf 83' lang='lat' dir='ltr'>exstitit,</span> <span class='ocrx_word' id='word_1_53' title='bbox 1020 981 1115 1041; x_wconf 91' lang='lat' dir='ltr'>aquo</span> <span class='ocrx_word' id='word_1_54' title='bbox 1128 984 1192 1025; x_wconf 92' lang='lat' dir='ltr'>non</span> <span class='ocrx_word' id='word_1_55' title='bbox 1207 966 1301 1024; x_wconf 91' lang='lat' dir='ltr'>medi-</span> 
     </span>
     <span class='ocr_line' id='line_1_8' title="bbox 293 1068 1301 1148; baseline 0.001 -19"><span class='ocrx_word' id='word_1_56' title='bbox 293 1069 358 1129; x_wconf 83' lang='lat' dir='ltr'>ocri</span> <span class='ocrx_word' id='word_1_57' title='bbox 379 1069 524 1147; x_wconf 90' lang='lat' dir='ltr'>scrupulo</span> <span class='ocrx_word' id='word_1_58' title='bbox 545 1068 661 1128; x_wconf 90' lang='lat' dir='ltr'>iniecto</span> <span class='ocrx_word' id='word_1_59' title='bbox 675 1068 715 1127; x_wconf 85' lang='lat' dir='ltr'>ad</span> <span class='ocrx_word' id='word_1_60' title='bbox 730 1068 904 1128; x_wconf 85' lang='lat' dir='ltr'>cavendum</span> <span class='ocrx_word' id='word_1_61' title='bbox 925 1069 1201 1148; x_wconf 81' lang='lat' dir='ltr'>ulciscendumque</span> <span class='ocrx_word' id='word_1_62' title='bbox 1221 1089 1301 1130; x_wconf 91' lang='lat' dir='ltr'>com-</span> 
     </span>
     <span class='ocr_line' id='line_1_9' title="bbox 292 1172 1300 1252; baseline 0.002 -19"><span class='ocrx_word' id='word_1_63' title='bbox 292 1174 469 1252; x_wconf 83' lang='lat' dir='ltr'>pelleretur.</span> <span class='ocrx_word' id='word_1_64' title='bbox 512 1175 604 1235; x_wconf 91' lang='lat' dir='ltr'>Unus</span> <span class='ocrx_word' id='word_1_65' title='bbox 625 1193 664 1238; x_wconf 84' lang='lat' dir='ltr'>ex</span> <span class='ocrx_word' id='word_1_66' title='bbox 683 1172 896 1249; x_wconf 82' lang='lat' dir='ltr'>litigatoribus</span> <span class='ocrx_word' id='word_1_67' title='bbox 917 1176 1045 1235; x_wconf 87' lang='lat' dir='ltr'>seducto</span> <span class='ocrx_word' id='word_1_68' title='bbox 1062 1175 1095 1234; x_wconf 92' lang='lat' dir='ltr'>in</span> <span class='ocrx_word' id='word_1_69' title='bbox 1111 1176 1300 1238; x_wconf 86' lang='lat' dir='ltr'>salutatione</span> 
     </span>
     <span class='ocr_line' id='line_1_10' title="bbox 292 1279 1372 1358; baseline 0.006 -19"><span class='ocrx_word' id='word_1_70' title='bbox 292 1279 468 1355; x_wconf 87' lang='lat' dir='ltr'>affirmavit,</span> <span class='ocrx_word' id='word_1_71' title='bbox 484 1279 602 1339; x_wconf 86' lang='lat' dir='ltr'>vidisse</span> <span class='ocrx_word' id='word_1_72' title='bbox 618 1298 651 1339; x_wconf 92' lang='lat' dir='ltr'>se</span> <span class='ocrx_word' id='word_1_73' title='bbox 666 1297 722 1357; x_wconf 92' lang='lat' dir='ltr'>per</span> <span class='ocrx_word' id='word_1_74' title='bbox 737 1280 876 1357; x_wconf 89' lang='lat' dir='ltr'>quietern</span> <span class='ocrx_word' id='word_1_75' title='bbox 897 1280 996 1340; x_wconf 89' lang='lat' dir='ltr'>occidi</span> <span class='ocrx_word' id='word_1_76' title='bbox 1019 1300 1089 1341; x_wconf 90' lang='lat' dir='ltr'>eum</span> <span class='ocrx_word' id='word_1_77' title='bbox 1109 1300 1129 1341; x_wconf 89' lang='lat' dir='ltr'>a</span> <span class='ocrx_word' id='word_1_78' title='bbox 1146 1282 1297 1358; x_wconf 82' lang='lat' dir='ltr'>quodam3</span> <span class='ocrx_word' id='word_1_79' title='bbox 1368 1338 1372 1345; x_wconf 94' lang='lat'>.</span> 
     </span>
     <span class='ocr_line' id='line_1_11' title="bbox 247 1384 1299 1464; baseline 0.003 -22"><span class='ocrx_word' id='word_1_80' title='bbox 247 1397 275 1441; x_wconf 93' lang='lat'>10</span> <span class='ocrx_word' id='word_1_81' title='bbox 291 1384 366 1444; x_wconf 89' lang='lat' dir='ltr'>dein</span> <span class='ocrx_word' id='word_1_82' title='bbox 385 1384 575 1464; x_wconf 88' lang='lat' dir='ltr'>paulopost,</span> <span class='ocrx_word' id='word_1_83' title='bbox 597 1384 688 1462; x_wconf 86' lang='lat' dir='ltr'>quasi</span> <span class='ocrx_word' id='word_1_84' title='bbox 711 1403 926 1463; x_wconf 85' lang='lat' dir='ltr'>percussorem</span> <span class='ocrx_word' id='word_1_85' title='bbox 945 1392 1135 1461; x_wconf 87' lang='lat' dir='ltr'>agnosceret,</span> <span class='ocrx_word' id='word_1_86' title='bbox 1157 1385 1299 1447; x_wconf 90' lang='lat' dir='ltr'>libellum</span> 
     </span>
     <span class='ocr_line' id='line_1_12' title="bbox 290 1490 1299 1569; baseline 0.001 -18"><span class='ocrx_word' id='word_1_87' title='bbox 290 1490 468 1558; x_wconf 85' lang='lat' dir='ltr'>tradentem</span> <span class='ocrx_word' id='word_1_88' title='bbox 477 1490 692 1550; x_wconf 87' lang='lat' dir='ltr'>adversarium</span> <span class='ocrx_word' id='word_1_89' title='bbox 705 1509 797 1549; x_wconf 91' lang='lat' dir='ltr'>suum</span> <span class='ocrx_word' id='word_1_90' title='bbox 809 1490 1051 1551; x_wconf 85' lang='lat' dir='ltr'>demonstravit:</span> <span class='ocrx_word' id='word_1_91' title='bbox 1071 1492 1299 1569; x_wconf 81' lang='lat' dir='ltr'>confestimque</span> 
     </span>
     <span class='ocr_line' id='line_1_13' title="bbox 291 1595 1300 1675; baseline 0 -18"><span class='ocrx_word' id='word_1_92' title='bbox 291 1595 319 1657; x_wconf 85' lang='lat' dir='ltr'>is</span> <span class='ocrx_word' id='word_1_93' title='bbox 332 1614 390 1674; x_wconf 90' lang='lat' dir='ltr'>pro</span> <span class='ocrx_word' id='word_1_94' title='bbox 404 1596 556 1674; x_wconf 89' lang='lat' dir='ltr'>deprenso</span> <span class='ocrx_word' id='word_1_95' title='bbox 572 1596 612 1655; x_wconf 92' lang='lat' dir='ltr'>ad</span> <span class='ocrx_word' id='word_1_96' title='bbox 627 1614 760 1673; x_wconf 90' lang='lat' dir='ltr'>poenam</span> <span class='ocrx_word' id='word_1_97' title='bbox 771 1601 881 1673; x_wconf 88' lang='lat' dir='ltr'>raptus</span> <span class='ocrx_word' id='word_1_98' title='bbox 896 1602 952 1656; x_wconf 90' lang='lat' dir='ltr'>est.</span> <span class='ocrx_word' id='word_1_99' title='bbox 988 1596 1062 1657; x_wconf 91' lang='lat' dir='ltr'>Pari</span> <span class='ocrx_word' id='word_1_100' title='bbox 1074 1597 1166 1656; x_wconf 90' lang='lat' dir='ltr'>modo</span> <span class='ocrx_word' id='word_1_101' title='bbox 1177 1615 1300 1675; x_wconf 90' lang='lat' dir='ltr'>oppres·</span> 
     </span>
     <span class='ocr_line' id='line_1_14' title="bbox 290 1700 1299 1779; baseline 0 -18"><span class='ocrx_word' id='word_1_102' title='bbox 290 1720 360 1761; x_wconf 89' lang='lat' dir='ltr'>sum</span> <span class='ocrx_word' id='word_1_103' title='bbox 383 1701 490 1760; x_wconf 80' lang='lat' dir='ltr'>ferunt</span> <span class='ocrx_word' id='word_1_104' title='bbox 514 1700 654 1779; x_wconf 87' lang='lat' dir='ltr'>Appium</span> <span class='ocrx_word' id='word_1_105' title='bbox 677 1700 836 1760; x_wconf 87' lang='lat' dir='ltr'>Silanum:</span> <span class='ocrx_word' id='word_1_106' title='bbox 866 1720 959 1778; x_wconf 85' lang='lat' dir='ltr'>quern</span> <span class='ocrx_word' id='word_1_107' title='bbox 980 1720 1051 1762; x_wconf 91' lang='lat' dir='ltr'>cum</span> <span class='ocrx_word' id='word_1_108' title='bbox 1073 1702 1247 1762; x_wconf 85' lang='lat' dir='ltr'>Messalina</span> <span class='ocrx_word' id='word_1_109' title='bbox 1268 1708 1299 1762; x_wconf 90' lang='lat' dir='ltr'>et</span> 
     </span>
     <span class='ocr_line' id='line_1_15' title="bbox 289 1806 1331 1885; baseline -0.001 -19"><span class='ocrx_word' id='word_1_110' title='bbox 289 1806 458 1866; x_wconf 86' lang='lat' dir='ltr'>Narcissus</span> <span class='ocrx_word' id='word_1_111' title='bbox 483 1806 716 1884; x_wconf 87' lang='lat' dir='ltr'>conspirassent</span> <span class='ocrx_word' id='word_1_112' title='bbox 740 1806 880 1883; x_wconf 89' lang='lat' dir='ltr'>perdere,</span> <span class='ocrx_word' id='word_1_113' title='bbox 905 1806 1018 1867; x_wconf 85' lang='lat' dir='ltr'>divisis</span> <span class='ocrx_word' id='word_1_114' title='bbox 1042 1807 1194 1885; x_wconf 89' lang='lat' dir='ltr'>partibus,</span> <span class='ocrx_word' id='word_1_115' title='bbox 1219 1807 1299 1867; x_wconf 91' lang='lat' dir='ltr'>alter</span> <span class='ocrx_word' id='word_1_116' title='bbox 1329 1853 1331 1858; x_wconf 88' lang='lat'><em>.</em></span> 
     </span>
     <span class='ocr_line' id='line_1_16' title="bbox 244 1912 1298 1992; baseline -0.002 -18"><span class='ocrx_word' id='word_1_117' title='bbox 244 1929 272 1974; x_wconf 82' lang='lat'>15</span> <span class='ocrx_word' id='word_1_118' title='bbox 289 1918 362 1973; x_wconf 86' lang='lat' dir='ltr'>ante</span> <span class='ocrx_word' id='word_1_119' title='bbox 387 1913 490 1973; x_wconf 89' lang='lat' dir='ltr'>lucem</span> <span class='ocrx_word' id='word_1_120' title='bbox 514 1912 628 1973; x_wconf 90' lang='lat' dir='ltr'>similis</span> <span class='ocrx_word' id='word_1_121' title='bbox 654 1913 791 1972; x_wconf 90' lang='lat' dir='ltr'>attonito</span> <span class='ocrx_word' id='word_1_122' title='bbox 815 1913 940 1991; x_wconf 87' lang='lat' dir='ltr'>patroni</span> <span class='ocrx_word' id='word_1_123' title='bbox 965 1913 1143 1974; x_wconf 90' lang='lat' dir='ltr'>cubiculum</span> <span class='ocrx_word' id='word_1_124' title='bbox 1168 1913 1298 1992; x_wconf 86' lang='lat' dir='ltr'>inrupit,</span> 
     </span>
     <span class='ocr_line' id='line_1_17' title="bbox 289 2017 1297 2096; baseline 0 -18"><span class='ocrx_word' id='word_1_125' title='bbox 289 2017 448 2078; x_wconf 86' lang='lat' dir='ltr'>affirmans</span> <span class='ocrx_word' id='word_1_126' title='bbox 470 2017 642 2077; x_wconf 86' lang='lat' dir='ltr'>somniasse</span> <span class='ocrx_word' id='word_1_127' title='bbox 662 2036 695 2077; x_wconf 92' lang='lat' dir='ltr'>se</span> <span class='ocrx_word' id='word_1_128' title='bbox 709 2017 776 2076; x_wconf 89' lang='lat' dir='ltr'>vim</span> <span class='ocrx_word' id='word_1_129' title='bbox 790 2017 821 2077; x_wconf 93' lang='lat' dir='ltr'>ei</span> <span class='ocrx_word' id='word_1_130' title='bbox 836 2019 876 2077; x_wconf 93' lang='lat' dir='ltr'>ab</span> <span class='ocrx_word' id='word_1_131' title='bbox 894 2017 1000 2096; x_wconf 89' lang='lat' dir='ltr'>Appio</span> <span class='ocrx_word' id='word_1_132' title='bbox 1020 2017 1168 2095; x_wconf 82' lang='lat' dir='ltr'>inlatam3</span> <span class='ocrx_word' id='word_1_133' title='bbox 1191 2018 1297 2094; x_wconf 90' lang='lat' dir='ltr'>altera,</span> 
     </span>
     <span class='ocr_line' id='line_1_18' title="bbox 289 2121 1298 2201; baseline 0 -18"><span class='ocrx_word' id='word_1_134' title='bbox 289 2122 324 2183; x_wconf 91' lang='lat' dir='ltr'>in</span> <span class='ocrx_word' id='word_1_135' title='bbox 348 2121 587 2188; x_wconf 88' lang='lat' dir='ltr'>admirationem</span> <span class='ocrx_word' id='word_1_136' title='bbox 610 2123 757 2198; x_wconf 83' lang='lat' dir='ltr'>formata,</span> <span class='ocrx_word' id='word_1_137' title='bbox 779 2122 841 2183; x_wconf 90' lang='lat' dir='ltr'>sibi</span> <span class='ocrx_word' id='word_1_138' title='bbox 862 2142 986 2201; x_wconf 90' lang='lat' dir='ltr'>quoque</span> <span class='ocrx_word' id='word_1_139' title='bbox 1007 2122 1138 2183; x_wconf 88' lang='lat' dir='ltr'>eandem</span> <span class='ocrx_word' id='word_1_140' title='bbox 1163 2124 1298 2201; x_wconf 89' lang='lat' dir='ltr'>speciem</span> 
     </span>
     <span class='ocr_line' id='line_1_19' title="bbox 203 2206 1299 2307; baseline -0.002 -18"><span class='ocrx_word' id='word_1_141' title='bbox 203 2206 205 2212; x_wconf 16' lang='lat' dir='ltr'>s</span> <span class='ocrx_word' id='word_1_142' title='bbox 290 2228 411 2305; x_wconf 85' lang='lat' dir='ltr'>aliquot</span> <span class='ocrx_word' id='word_1_143' title='bbox 432 2227 496 2288; x_wconf 90' lang='lat' dir='ltr'>iam</span> <span class='ocrx_word' id='word_1_144' title='bbox 518 2228 661 2288; x_wconf 85' lang='lat' dir='ltr'>noctibus</span> <span class='ocrx_word' id='word_1_145' title='bbox 684 2228 844 2288; x_wconf 86' lang='lat' dir='ltr'>obversari</span> <span class='ocrx_word' id='word_1_146' title='bbox 866 2228 1008 2303; x_wconf 81' lang='lat' dir='ltr'>rettulit3</span> <span class='ocrx_word' id='word_1_147' title='bbox 1030 2246 1088 2287; x_wconf 90' lang='lat' dir='ltr'>nee</span> <span class='ocrx_word' id='word_1_148' title='bbox 1106 2228 1207 2288; x_wconf 91' lang='lat' dir='ltr'>multo</span> <span class='ocrx_word' id='word_1_149' title='bbox 1227 2233 1299 2307; x_wconf 91' lang='lat' dir='ltr'>post</span> 
     </span>
     <span class='ocr_line' id='line_1_20' title="bbox 289 2332 1358 2411; baseline 0 -17"><span class='ocrx_word' id='word_1_150' title='bbox 289 2353 329 2394; x_wconf 84' lang='lat' dir='ltr'>ex</span> <span class='ocrx_word' id='word_1_151' title='bbox 350 2333 523 2411; x_wconf 83' lang='lat' dir='ltr'>composito</span> <span class='ocrx_word' id='word_1_152' title='bbox 545 2334 717 2411; x_wconf 89' lang='lat' dir='ltr'>irrumpere</span> <span class='ocrx_word' id='word_1_153' title='bbox 739 2333 865 2411; x_wconf 86' lang='lat' dir='ltr'>Appius</span> <span class='ocrx_word' id='word_1_154' title='bbox 885 2332 1060 2408; x_wconf 90' lang='lat' dir='ltr'>nuntiatus,</span> <span class='ocrx_word' id='word_1_155' title='bbox 1075 2333 1126 2393; x_wconf 91' lang='lat' dir='ltr'>cui</span> <span class='ocrx_word' id='word_1_156' title='bbox 1143 2333 1245 2411; x_wconf 90' lang='lat' dir='ltr'>pridie</span> <span class='ocrx_word' id='word_1_157' title='bbox 1259 2334 1299 2394; x_wconf 91' lang='lat' dir='ltr'>ad</span> <span class='ocrx_word' id='word_1_158' title='bbox 1356 2343 1358 2350; x_wconf 82' lang='lat'>&#39;</span> 
     </span>
     <span class='ocr_line' id='line_1_21' title="bbox 244 2438 1299 2517; baseline -0.002 -18"><span class='ocrx_word' id='word_1_159' title='bbox 244 2454 274 2499; x_wconf 79' lang='lat' dir='ltr'>ao</span> <span class='ocrx_word' id='word_1_160' title='bbox 289 2439 323 2499; x_wconf 91' lang='lat' dir='ltr'>id</span> <span class='ocrx_word' id='word_1_161' title='bbox 350 2438 500 2517; x_wconf 85' lang='lat' dir='ltr'>temporis</span> <span class='ocrx_word' id='word_1_162' title='bbox 528 2444 566 2497; x_wconf 89' lang='lat' dir='ltr'>ut</span> <span class='ocrx_word' id='word_1_163' title='bbox 594 2438 720 2498; x_wconf 87' lang='lat' dir='ltr'>adesset</span> <span class='ocrx_word' id='word_1_164' title='bbox 752 2444 953 2517; x_wconf 87' lang='lat' dir='ltr'>praeceptum</span> <span class='ocrx_word' id='word_1_165' title='bbox 981 2444 1057 2513; x_wconf 89' lang='lat' dir='ltr'>erat,</span> <span class='ocrx_word' id='word_1_166' title='bbox 1086 2438 1178 2516; x_wconf 89' lang='lat' dir='ltr'>quasi</span> <span class='ocrx_word' id='word_1_167' title='bbox 1205 2439 1299 2517; x_wconf 90' lang='lat' dir='ltr'>plane</span> 
     </span>
     <span class='ocr_line' id='line_1_22' title="bbox 195 2543 1298 2623; baseline -0.003 -18"><span class='ocrx_word' id='word_1_168' title='bbox 195 2575 199 2583; x_wconf 90' lang='lat'><strong>·</strong></span> <span class='ocrx_word' id='word_1_169' title='bbox 288 2549 575 2623; x_wconf 83' lang='lat' dir='ltr'>repraesentaretur</span> <span class='ocrx_word' id='word_1_170' title='bbox 605 2543 719 2604; x_wconf 89' lang='lat' dir='ltr'>somnii</span> <span class='ocrx_word' id='word_1_171' title='bbox 754 2544 843 2618; x_wconf 87' lang='lat' dir='ltr'>fides,</span> <span class='ocrx_word' id='word_1_172' title='bbox 871 2543 986 2604; x_wconf 88' lang='lat' dir='ltr'>arcessi</span> <span class='ocrx_word' id='word_1_173' title='bbox 1019 2544 1128 2603; x_wconf 90' lang='lat' dir='ltr'>statim</span> <span class='ocrx_word' id='word_1_174' title='bbox 1156 2562 1191 2604; x_wconf 91' lang='lat' dir='ltr'>ac</span> <span class='ocrx_word' id='word_1_175' title='bbox 1219 2543 1298 2603; x_wconf 90' lang='lat' dir='ltr'>mori</span> 
     </span>
     <span class='ocr_line' id='line_1_23' title="bbox 288 2648 1298 2727; baseline -0.003 -17"><span class='ocrx_word' id='word_1_176' title='bbox 288 2649 393 2710; x_wconf 91' lang='lat' dir='ltr'>iussus</span> <span class='ocrx_word' id='word_1_177' title='bbox 415 2654 471 2709; x_wconf 90' lang='lat' dir='ltr'>est.</span> <span class='ocrx_word' id='word_1_178' title='bbox 515 2650 584 2708; x_wconf 91' lang='lat' dir='ltr'>Nec</span> <span class='ocrx_word' id='word_1_179' title='bbox 605 2648 766 2708; x_wconf 87' lang='lat' dir='ltr'>dubitavit</span> <span class='ocrx_word' id='word_1_180' title='bbox 785 2654 910 2727; x_wconf 91' lang='lat' dir='ltr'>postero</span> <span class='ocrx_word' id='word_1_181' title='bbox 925 2648 977 2708; x_wconf 91' lang='lat' dir='ltr'>die</span> <span class='ocrx_word' id='word_1_182' title='bbox 990 2648 1142 2709; x_wconf 84' lang='lat' dir='ltr'>Claudius</span> <span class='ocrx_word' id='word_1_183' title='bbox 1157 2648 1298 2709; x_wconf 90' lang='lat' dir='ltr'>ordinem</span> 
     </span>
     <span class='ocr_line' id='line_1_24' title="bbox 288 2753 1298 2832; baseline -0.002 -18"><span class='ocrx_word' id='word_1_184' title='bbox 288 2755 334 2816; x_wconf 91' lang='lat' dir='ltr'>rei</span> <span class='ocrx_word' id='word_1_185' title='bbox 354 2760 460 2832; x_wconf 86' lang='lat' dir='ltr'>gestae</span> <span class='ocrx_word' id='word_1_186' title='bbox 480 2754 618 2831; x_wconf 85' lang='lat' dir='ltr'>perferre</span> <span class='ocrx_word' id='word_1_187' title='bbox 642 2754 683 2814; x_wconf 90' lang='lat' dir='ltr'>ad</span> <span class='ocrx_word' id='word_1_188' title='bbox 704 2759 849 2814; x_wconf 87' lang='lat' dir='ltr'>senatum</span> <span class='ocrx_word' id='word_1_189' title='bbox 870 2772 905 2813; x_wconf 92' lang='lat' dir='ltr'>ac</span> <span class='ocrx_word' id='word_1_190' title='bbox 926 2753 1040 2813; x_wconf 90' lang='lat' dir='ltr'>liberto</span> <span class='ocrx_word' id='word_1_191' title='bbox 1062 2753 1179 2829; x_wconf 88' lang='lat' dir='ltr'>gratias</span> <span class='ocrx_word' id='word_1_192' title='bbox 1197 2772 1298 2829; x_wconf 88' lang='lat' dir='ltr'>agere,</span> 
     </span>
     <span class='ocr_line' id='line_1_25' title="bbox 289 2858 1349 2938; baseline -0.003 -18"><span class='ocrx_word' id='word_1_193' title='bbox 289 2860 374 2938; x_wconf 89' lang='lat' dir='ltr'>quod</span> <span class='ocrx_word' id='word_1_194' title='bbox 400 2878 457 2938; x_wconf 89' lang='lat' dir='ltr'>pro</span> <span class='ocrx_word' id='word_1_195' title='bbox 483 2859 584 2919; x_wconf 89' lang='lat' dir='ltr'>salute</span> <span class='ocrx_word' id='word_1_196' title='bbox 610 2878 667 2919; x_wconf 88' lang='lat' dir='ltr'>sua</span> <span class='ocrx_word' id='word_1_197' title='bbox 694 2859 790 2918; x_wconf 88' lang='lat' dir='ltr'>etiam</span> <span class='ocrx_word' id='word_1_198' title='bbox 815 2858 973 2918; x_wconf 88' lang='lat' dir='ltr'>dormiens</span> <span class='ocrx_word' id='word_1_199' title='bbox 997 2859 1174 2918; x_wconf 80' lang='lat' dir='ltr'>excubaret.</span> <span class='ocrx_word' id='word_1_200' title='bbox 1228 2860 1299 2918; x_wconf 85' lang='lat' dir='ltr'>Irae</span> <span class='ocrx_word' id='word_1_201' title='bbox 1312 2872 1349 2923; x_wconf 79' lang='lat'>38</span> 
     </span>
     <span class='ocr_line' id='line_1_26' title="bbox 245 2963 1299 3043; baseline -0.005 -16"><span class='ocrx_word' id='word_1_202' title='bbox 245 2984 274 3028; x_wconf 77' lang='lat'>25</span> <span class='ocrx_word' id='word_1_203' title='bbox 288 2971 383 3043; x_wconf 86' lang='lat' dir='ltr'>atque</span> <span class='ocrx_word' id='word_1_204' title='bbox 397 2964 578 3024; x_wconf 86' lang='lat' dir='ltr'>iracundiae</span> <span class='ocrx_word' id='word_1_205' title='bbox 594 2964 737 3024; x_wconf 89' lang='lat' dir='ltr'>conscius</span> <span class='ocrx_word' id='word_1_206' title='bbox 753 2964 822 3038; x_wconf 89' lang='lat' dir='ltr'>sibi,</span> <span class='ocrx_word' id='word_1_207' title='bbox 837 2969 1003 3040; x_wconf 88' lang='lat' dir='ltr'>utramque</span> <span class='ocrx_word' id='word_1_208' title='bbox 1018 2964 1182 3023; x_wconf 84' lang='lat' dir='ltr'>excusavit</span> <span class='ocrx_word' id='word_1_209' title='bbox 1196 2963 1299 3023; x_wconf 90' lang='lat' dir='ltr'>edicto</span> 
     </span>
     <span class='ocr_line' id='line_1_27' title="bbox 289 3069 1297 3149; baseline -0.002 -19"><span class='ocrx_word' id='word_1_210' title='bbox 289 3070 509 3149; x_wconf 86' lang='lat' dir='ltr'>distinxitque,</span> <span class='ocrx_word' id='word_1_211' title='bbox 523 3069 684 3146; x_wconf 87' lang='lat' dir='ltr'>pollicitus</span> <span class='ocrx_word' id='word_1_212' title='bbox 696 3072 824 3128; x_wconf 80' lang='lat' dir='ltr'>alteram</span> <span class='ocrx_word' id='word_1_213' title='bbox 834 3072 956 3144; x_wconf 75' lang='lat' dir='ltr'>quidem</span> <span class='ocrx_word' id='word_1_214' title='bbox 966 3072 1081 3129; x_wconf 63' lang='lat' dir='ltr'>mecona</span> <span class='ocrx_word' id='word_1_215' title='bbox 1092 3078 1119 3128; x_wconf 80' lang='lat' dir='ltr'>et</span> <span class='ocrx_word' id='word_1_216' title='bbox 1129 3073 1297 3144; x_wconf 71' lang='lat' dir='ltr'>innoxiam,</span> 
     </span>
     <span class='ocr_line' id='line_1_28' title="bbox 289 3172 1299 3251; baseline -0.003 -16"><span class='ocrx_word' id='word_1_217' title='bbox 289 3179 417 3236; x_wconf 81' lang='lat' dir='ltr'>alteram</span> <span class='ocrx_word' id='word_1_218' title='bbox 427 3180 648 3236; x_wconf 70' lang='lat' dir='ltr'>socialitatem</span> <span class='ocrx_word' id='word_1_219' title='bbox 657 3178 735 3251; x_wconf 80' lang='lat' dir='ltr'>sore.</span> <span class='ocrx_word' id='word_1_220' title='bbox 772 3172 980 3249; x_wconf 89' lang='lat' dir='ltr'>Ostiensibus,</span> <span class='ocrx_word' id='word_1_221' title='bbox 992 3174 1067 3251; x_wconf 90' lang='lat' dir='ltr'>quia</span> <span class='ocrx_word' id='word_1_222' title='bbox 1078 3173 1140 3234; x_wconf 90' lang='lat' dir='ltr'>sibi</span> <span class='ocrx_word' id='word_1_223' title='bbox 1150 3174 1299 3235; x_wconf 91' lang='lat' dir='ltr'>subeunti</span> 
     </span>
     <span class='ocr_line' id='line_1_29' title="bbox 289 3263 1297 3359; baseline -0.003 -17"><span class='ocrx_word' id='word_1_224' title='bbox 289 3280 429 3342; x_wconf 84' lang='lat' dir='ltr'>Tiberim</span> <span class='ocrx_word' id='word_1_225' title='bbox 446 3281 577 3359; x_wconf 87' lang='lat' dir='ltr'>scaphas</span> <span class='ocrx_word' id='word_1_226' title='bbox 592 3280 716 3340; x_wconf 77' lang='lat' dir='ltr'>obviarn</span> <span class='ocrx_word' id='word_1_227' title='bbox 731 3299 794 3339; x_wconf 90' lang='lat' dir='ltr'>non</span> <span class='ocrx_word' id='word_1_228' title='bbox 809 3263 962 3354; x_wconf 87' lang='lat' dir='ltr'>miserint,</span> <span class='ocrx_word' id='word_1_229' title='bbox 977 3279 1115 3356; x_wconf 86' lang='lat' dir='ltr'>graviter</span> <span class='ocrx_word' id='word_1_230' title='bbox 1135 3278 1297 3357; x_wconf 90' lang='lat' dir='ltr'>correptis,</span> 
     </span>
     <span class='ocr_line' id='line_1_30' title="bbox 289 3384 1297 3465; baseline -0.003 -18"><span class='ocrx_word' id='word_1_231' title='bbox 289 3405 387 3465; x_wconf 90' lang='lat' dir='ltr'>eaque</span> <span class='ocrx_word' id='word_1_232' title='bbox 403 3405 474 3447; x_wconf 86' lang='lat' dir='ltr'>cum</span> <span class='ocrx_word' id='word_1_233' title='bbox 485 3385 615 3460; x_wconf 88' lang='lat' dir='ltr'>invidia,</span> <span class='ocrx_word' id='word_1_234' title='bbox 628 3385 711 3444; x_wconf 90' lang='lat' dir='ltr'>utin</span> <span class='ocrx_word' id='word_1_235' title='bbox 726 3385 869 3445; x_wconf 91' lang='lat' dir='ltr'>ordinem</span> <span class='ocrx_word' id='word_1_236' title='bbox 881 3404 913 3444; x_wconf 91' lang='lat' dir='ltr'>se</span> <span class='ocrx_word' id='word_1_237' title='bbox 924 3390 1066 3444; x_wconf 87' lang='lat' dir='ltr'>coactum</span> <span class='ocrx_word' id='word_1_238' title='bbox 1080 3384 1297 3459; x_wconf 90' lang='lat' dir='ltr'>conscriberet,</span> 
     </span>
     <span class='ocr_line' id='line_1_31' title="bbox 245 3489 1297 3572; baseline -0.002 -21"><span class='ocrx_word' id='word_1_239' title='bbox 245 3504 276 3551; x_wconf 76' lang='lat'>³⁰</span> <span class='ocrx_word' id='word_1_240' title='bbox 289 3498 419 3572; x_wconf 88' lang='lat' dir='ltr'>repente</span> <span class='ocrx_word' id='word_1_241' title='bbox 439 3496 564 3552; x_wconf 88' lang='lat' dir='ltr'>tantum</span> <span class='ocrx_word' id='word_1_242' title='bbox 585 3490 749 3549; x_wconf 84' lang='lat' dir='ltr'>nonsatis</span> <span class='ocrx_word' id='word_1_243' title='bbox 770 3489 919 3550; x_wconf 87' lang='lat' dir='ltr'>facientis</span> <span class='ocrx_word' id='word_1_244' title='bbox 940 3490 1032 3549; x_wconf 89' lang='lat' dir='ltr'>modo</span> <span class='ocrx_word' id='word_1_245' title='bbox 1053 3490 1179 3550; x_wconf 87' lang='lat' dir='ltr'>veniam</span> <span class='ocrx_word' id='word_1_246' title='bbox 1200 3490 1297 3550; x_wconf 88' lang='lat' dir='ltr'>dedit.</span> 
     </span>
     <span class='ocr_line' id='line_1_32' title="bbox 290 3595 1299 3673; baseline -0.003 -16"><span class='ocrx_word' id='word_1_247' title='bbox 290 3599 448 3670; x_wconf 80' lang='lat' dir='ltr'>Quosdam</span> <span class='ocrx_word' id='word_1_248' title='bbox 463 3596 496 3655; x_wconf 95' lang='lat' dir='ltr'>in</span> <span class='ocrx_word' id='word_1_249' title='bbox 511 3595 637 3673; x_wconf 89' lang='lat' dir='ltr'>publico</span> <span class='ocrx_word' id='word_1_250' title='bbox 648 3614 759 3673; x_wconf 86' lang='lat' dir='ltr'>parurn</span> <span class='ocrx_word' id='word_1_251' title='bbox 773 3595 962 3673; x_wconf 86' lang='lat' dir='ltr'>tempestive</span> <span class='ocrx_word' id='word_1_252' title='bbox 972 3596 1118 3655; x_wconf 89' lang='lat' dir='ltr'>adeuntis</span> <span class='ocrx_word' id='word_1_253' title='bbox 1132 3615 1228 3656; x_wconf 90' lang='lat' dir='ltr'>manu</span> <span class='ocrx_word' id='word_1_254' title='bbox 1242 3614 1299 3655; x_wconf 90' lang='lat' dir='ltr'>sua</span> 
     </span>
     <span class='ocr_line' id='line_1_33' title="bbox 291 3700 1299 3782; baseline -0.004 -18"><span class='ocrx_word' id='word_1_255' title='bbox 291 3702 438 3782; x_wconf 85' lang='lat' dir='ltr'>reppulit.</span> <span class='ocrx_word' id='word_1_256' title='bbox 485 3702 569 3761; x_wconf 90' lang='lat' dir='ltr'>Item</span> <span class='ocrx_word' id='word_1_257' title='bbox 591 3701 723 3761; x_wconf 88' lang='lat' dir='ltr'>scribam</span> <span class='ocrx_word' id='word_1_258' title='bbox 744 3700 968 3777; x_wconf 88' lang='lat' dir='ltr'>quaestorium,</span> <span class='ocrx_word' id='word_1_259' title='bbox 989 3700 1127 3777; x_wconf 90' lang='lat' dir='ltr'>itemque</span> <span class='ocrx_word' id='word_1_260' title='bbox 1152 3706 1299 3779; x_wconf 87' lang='lat' dir='ltr'>praetura</span> 
     </span>
    </p>
   </div>
   <div class='ocr_carea' id='block_1_3' title="bbox 0 0 1496 4359">
    <p class='ocr_par' dir='ltr' id='par_1_3' title="bbox 0 0 1496 4359">
     <span class='ocr_line' id='line_1_34' title="bbox 0 0 1496 4359; baseline 0 0"><span class='ocrx_word' id='word_1_261' title='bbox 0 0 1496 4359; x_wconf 95' lang='lat' dir='ltr'> </span> 
     </span>
    </p>
   </div>
  </div>
 </body>
</html>
