2984 4359
311 267 353 332 82
388 280 418 333 c.
441 280 598 333 sunrour
619 282 849 347 rusuoumm
871 285 921 335 nn
945 284 1036 335 vrrs
1058 285 1263 337 caussatur

309 454 510 531 potissimum
534 455 575 516 ad
599 475 633 515 se
657 455 789 516 missum
810 457 899 533 quasi
921 457 962 516 ad
982 475 1114 535 puerum
1135 458 1320 534 regendum,

310 559 387 618 adeo
400 568 437 618 ut
448 578 510 619 non
520 560 689 634 defuerint,
701 560 757 638 qui
767 561 928 621 traderent
939 561 1181 644 praecipitatum
1193 582 1321 640 quoque

310 665 342 723 in
362 664 488 740 flumen,
510 666 592 726 sicut
613 665 750 725 vestitus
769 666 948 726 advenerat.
990 667 1098 745 Atque
1117 686 1156 727 ex
1177 686 1214 728 eo
1231 687 1321 727 num-

309 788 403 846 quam
418 789 479 830 uon
499 771 532 829 in
553 777 664 831 senatu
684 770 876 831 novissimus
894 770 1105 832 consularium
1125 773 1318 833 sententiam

277 885 292 928 1
308 875 400 951 dixit,
416 875 606 952 ignominiae
624 894 719 936 causa
732 881 804 954 post
823 876 925 936 omnis
945 877 1165 953 iuterrogatus
1209 878 1317 937 Etiam

308 980 445 1056 cognitio
458 980 534 1041 falsi
551 981 732 1041 testamenti
747 987 873 1058 recepta
887 989 944 1056 est,
959 981 993 1040 iu
1010 1001 1072 1059 quo
1087 983 1201 1061 etipse
1217 983 1317 1059 signa

308 1093 404 1146 verat.
446 1087 611 1146 Postremo
632 1086 813 1146 sestertium
838 1086 975 1162 octogies
999 1107 1057 1165 pro
1081 1087 1216 1148 introitu
1242 1090 1314 1149 novi

308 1191 475 1252 sacerdotii
492 1198 616 1252 coactus
631 1192 821 1270 impendere,
838 1193 877 1252 ad
892 1211 944 1253 eas
959 1193 1005 1252 rei
1022 1192 1191 1253 familiaris
1206 1213 1314 1270 angus·

307 1298 369 1358 tias
384 1297 510 1372 decidit,
526 1304 562 1357 111
575 1316 646 1382 curn
666 1297 838 1373 obligatam
852 1298 971 1357 aerario
990 1297 1086 1357 fidem
1099 1298 1234 1359 liberare
1253 1318 1314 1359 non

262 1419 291 1465 1⁰
307 1408 422 1480 posset,
443 1402 479 1462 in
502 1421 635 1462 vacuum
656 1402 725 1479 lege
747 1402 958 1480 praediatoria
982 1404 1104 1463 venalis
1129 1405 1314 1482 pependerit

533 1509 592 1569 sub
613 1509 717 1568 edicto
732 1508 971 1585 praefectorum.
1014 1510 1076 1567 Per
1095 1508 1172 1569 haec
1186 1528 1223 1570 ae
1237 1511 1314 1570 talia
1327 1518 1366 1567 10

307 1574 443 1622 mmm
533 1615 671 1673 maxima
693 1613 806 1673 aetatis
828 1620 918 1691 parte
937 1619 1107 1689 transacta,
1124 1614 1314 1692 quinquage

307 1721 386 1783 simo
397 1741 479 1797 anno
490 1720 657 1799 imperium
666 1719 751 1796 cepit
763 1718 967 1794 quantumvis
978 1718 1117 1778 mirabili
1127 1738 1210 1779 casu.
1254 1722 1314 1779 Ex-

305 1827 412 1888 clusus
440 1827 524 1886 inter
551 1830 669 1884 eeteros
695 1823 734 1882 ab
759 1823 997 1883 insidiatoribus
1024 1824 1093 1898 Gai,
1118 1843 1199 1899 cum,
1222 1827 1313 1903 quasi

261 1947 289 1993 15
305 1939 460 1994 secretum
471 1950 508 1991 eo
519 1931 726 2002 desiderante,
736 1928 860 2023 turbam
877 1929 1105 2005 submoverent,
1117 1930 1150 1989 in
1165 1929 1311 2005 diaetam,

304 2037 355 2097 cui
376 2055 490 2097 nomen
508 2042 557 2097 est
572 2037 772 2108 Hermaeum,
794 2040 981 2110 recesserat3
1001 2053 1103 2111 neque
1121 2035 1221 2094 multo
1240 2041 1312 2113 post

304 2161 428 2203 rumore
439 2142 543 2202 caedis
558 2140 735 2213 exterritus,
747 2138 905 2216 prorepsit
916 2139 956 2198 ad
971 2139 1119 2199 solarium
1133 2138 1311 2219 proximum

304 2248 447 2326 interque
469 2251 633 2325 praetenta
660 2244 783 2303 foribus
808 2243 878 2303 vela
904 2263 937 2304 sc
962 2244 1093 2304 abdidit.
1144 2245 1310 2306 Latentem

304 2354 483 2415 discurrens
496 2353 579 2411 forte
599 2350 758 2426 gregarius
776 2348 877 2423 miles,
893 2348 1120 2411 animadversis
1135 2351 1276 2428 pedibus,
1293 2369 1309 2409 e

258 2476 288 2520 ac
304 2459 411 2519 studio
428 2457 609 2517 sciscitandi
629 2455 773 2532 quisnam
790 2460 882 2529 esset,
898 2455 1058 2530 adgnovit,
1073 2461 1309 2534 extractumque

303 2572 335 2624 et
349 2583 424 2642 prae
439 2568 525 2621 metu
541 2562 582 2621 ad
596 2579 697 2637 genua
711 2559 772 2619 sibi
787 2560 981 2620 accidentem
994 2560 1217 2638 imperatorem
1231 2561 1309 2621 salu-

302 2670 392 2730 tavit.
436 2669 521 2727 Hinc
540 2667 579 2726 ad
600 2665 678 2725 alios
698 2665 927 2726 commilitones
947 2666 1132 2726 fluctuantis
1151 2686 1208 2727 nec
1227 2668 1309 2744 quic·

303 2795 398 2853 quam
419 2773 521 2834 adhuc
541 2790 636 2848 quam
655 2769 821 2831 frementis
839 2772 997 2849 perduxit.
1040 2772 1092 2831 Ab
1111 2773 1160 2833 his
1180 2774 1308 2833 lecticae

302 2881 469 2959 impositus
484 2883 525 2952 et,
538 2877 613 2953 quia
627 2875 676 2935 sui
692 2875 892 2952 diffugerant,
909 2878 1047 2938 vicissim
1065 2879 1308 2940 succollantibus

256 3003 285 3048 25
301 2986 336 3044 in
353 2991 457 3045 castra
470 2982 594 3042 delatus
614 2987 663 3040 est
679 2981 782 3042 tristis
803 3001 839 3042 ac
859 2983 1011 3061 trepidus,
1027 2984 1197 3045 miseraute
1217 2985 1308 3046 obvia

301 3091 394 3150 turba
408 3088 499 3167 quasi
514 3088 553 3147 ad
569 3106 700 3165 poenam
717 3095 878 3166 raperetur
892 3089 1008 3149 insons.
1051 3091 1211 3168 Receptus
1225 3091 1309 3152 intra

301 3195 429 3270 vallum,
458 3186 554 3253 inter
569 3194 717 3253 excubias
745 3193 884 3253 militum
911 3195 1117 3272 pernoctavit,
1146 3197 1308 3275 aliquanto

302 3302 420 3359 minore
441 3319 496 3376 spe
516 3319 610 3377 quam
630 3290 752 3358 fiducia.
794 3300 878 3359 Nam
897 3301 1039 3361 consules
1059 3319 1130 3360 curu
1146 3310 1259 3363 senatu
1277 3308 1308 3362 et

301 3405 481 3466 cohortibus
510 3405 637 3465 urbanis
663 3404 768 3462 forum
793 3404 1045 3482 Capitoliumque
1070 3414 1308 3485 occupaverant,

255 3524 284 3568 30
301 3512 451 3572 asserturi
473 3528 669 3570 communem
686 3508 885 3594 libertatem3
908 3509 1089 3587 accitusque
1111 3518 1143 3570 et
1164 3512 1233 3590 ipse
1254 3533 1309 3592 per

300 3619 443 3679 tribunos
468 3615 568 3693 plebis
587 3614 622 3672 in
641 3612 760 3672 curiam
781 3613 821 3671 ad
839 3614 1000 3673 suadenda
1017 3633 1096 3691 quae
1116 3617 1306 3693 viderentur,

300 3730 330 3785 ct
344 3744 378 3809 re
390 3732 416 3782 et
428 3724 598 3797 uecersttute
613 3719 707 3776 teneri
717 3717 890 3794 respondit.
933 3720 1048 3778 Verum
1065 3727 1191 3797 postero
1206 3723 1267 3798 die,
1277 3728 1308 3782 et
