2984 4359
304 274 346 338 64
380 285 410 336 C.
437 285 593 337 SUETONI
615 288 845 350 TRANQUILLI
868 290 917 340 DE
938 291 1029 340 VITA
1052 290 1254 341 CAESARUM

303 458 410 520 frivoli
434 458 564 519 ducenis
589 456 718 517 milibus
742 458 883 520 traderet
906 459 1097 539 diceretque,
1124 467 1308 521 cenaturum

302 562 387 640 apud
401 562 566 623 Caesarem
579 568 692 623 vocatu
707 561 816 641 ipsius.

343 666 519 743 Vectigalia
533 686 616 727 nova
629 672 723 745 atque
737 667 882 729 inaudita
894 669 1033 747 primum
1047 690 1103 749 per
1112 670 1306 749 publicanos,
1321 680 1359 730 40

302 771 426 847 deinde,
438 772 514 850 quia
524 771 646 832 lucrum
660 772 860 849 exuberabat,
872 792 928 852 per
941 774 1140 836 centuriones
1154 775 1309 836 tribunos
1379 759 1383 764 ’

271 886 287 932 a
529 896 589 955 que
608 877 824 955 praetorianos
845 880 995 955 exercuit,
1018 880 1107 940 nullo
1128 900 1232 940 rerum
1253 887 1309 941 aut

301 957 451 1079 {mm
462 956 489 1006 οἱ
529 981 692 1042 hominum
706 1001 818 1059 genere
833 984 956 1060 omisso,
972 985 1023 1045 cui
1037 1004 1100 1046 non
1119 986 1233 1046 tributi
1255 986 1309 1046 eli-

529 1087 608 1164 quid
630 1086 815 1166 imponeret.
858 1090 921 1150 Pro
949 1089 1104 1166 edulibus,
1132 1109 1213 1169 quae
1240 1097 1309 1151 tota

301 1190 378 1251 urbe
392 1190 545 1267 venirent,
560 1198 680 1253 certum
696 1199 877 1273 statumque
897 1195 1097 1272 exigebatur,
1119 1215 1176 1274 pro
1196 1196 1307 1257 litibus

301 1313 338 1355 ac
348 1295 473 1357 iudiciis
483 1296 672 1375 ubicumque
684 1300 842 1377 conceptis
856 1301 1096 1378 quadragesima
1109 1320 1259 1378 summae,
1269 1302 1308 1361 de

257 1413 286 1458 10
301 1419 365 1477 qua
385 1400 572 1478 litigaretur,
587 1422 645 1463 nec
666 1403 734 1463 sine
755 1422 864 1482 poena,
882 1405 910 1465 si
931 1406 1002 1483 quis
1023 1407 1236 1484 composuisse
1257 1406 1306 1466 vel

301 1506 434 1567 donasse
456 1506 617 1583 negotium
639 1508 897 1585 convinceretur,
917 1529 956 1569 ex
979 1510 1157 1586 gerulorum
1185 1510 1306 1571 diurnis

301 1610 483 1689 quaestibus
500 1630 573 1690 pars
593 1618 710 1673 octava
733 1659 740 1673 .
764 1659 770 1672 .
793 1659 801 1674 .
844 1614 921 1675 Eius
936 1614 1021 1675 modi
1034 1615 1243 1691 uectigalibus
1264 1617 1308 1675 in-
1320 1624 1355 1673 41

301 1716 394 1776 dictis
411 1735 511 1794 neque
532 1717 714 1795 propositis,
730 1737 802 1778 cum
823 1737 878 1796 per
899 1719 1110 1795 ignorantiam
1133 1721 1307 1798 scripturae

301 1821 402 1881 multa
409 1821 576 1882 commissa
584 1821 704 1898 fierent,
712 1823 840 1883 tandem
850 1823 1013 1900 flagitante
1020 1824 1136 1902 populo
1144 1825 1307 1903 proposuit

256 1943 285 1988 15
301 1926 429 2003 quidem
439 1925 550 2002 legem,
563 1927 619 1988 sed
629 1933 661 1987 et
671 1926 894 1989 minutissimis
903 1927 1020 1989 litteris
1035 1935 1068 1989 et
1082 1930 1306 2004 angustissimo

301 2031 377 2106 loco,
389 2030 436 2090 uti
447 2050 487 2091 ne
501 2030 553 2091 cui
567 2032 742 2092 describere
757 2032 874 2092 liceret.
910 2033 958 2092 Ac
972 2052 1011 2093 ne
1026 2035 1110 2111 quod
1125 2054 1187 2093 non
1201 2054 1307 2095 manu-

229 2167 231 2171 ·
300 2138 422 2198 biarum
442 2157 539 2214 genus
556 2138 760 2217 experiretur,
777 2138 911 2217 lupanar·
931 2140 966 2199 in
987 2140 1111 2201 Palatio
1131 2141 1305 2216 constituit,

300 2242 524 2330 distinctisque
538 2249 571 2303 et
584 2244 749 2304 instructis
763 2262 820 2322 pro
833 2243 894 2303 loci
916 2244 1073 2320 dignitate
1093 2245 1305 2323 compluribus

299 2346 397 2423 cellis,
413 2348 446 2406 in
469 2347 583 2426 quibus
604 2353 764 2407 matronae
785 2348 976 2427 ingenuique
998 2358 1127 2424 starent,
1142 2349 1231 2410 misit
1252 2349 1307 2409 cir-

254 2466 285 2512 ac
299 2471 372 2513 cum
392 2452 462 2512 fora
483 2457 515 2513 et
534 2452 681 2513 basilicas
702 2452 972 2514 nomenculatores
993 2455 1034 2515 ad
1055 2454 1238 2515 invitandos
1267 2454 1306 2514 ad

299 2557 463 2619 libidinem
474 2558 605 2618 iuvenes
617 2575 787 2635 senesque;
809 2559 953 2635 praebita
962 2559 1205 2620 advenientibus
1217 2578 1306 2636 pecu-

299 2663 353 2723 nia
362 2663 531 2739 faenebris,
543 2662 743 2741 appositique
758 2662 814 2740 qui
828 2663 956 2723 nomina
969 2663 1073 2741 palam
1090 2664 1305 2740 subnotarent,

299 2770 390 2848 quasi
418 2768 637 2829 adiuuantium
666 2768 809 2828 Caesaris
837 2767 966 2829 reditus.
1008 2771 1056 2829 Ao
1086 2789 1125 2829 ne
1159 2788 1198 2829 ex
1223 2768 1306 2830 'lusu

299 2875 426 2952 quidem
437 2873 524 2934 aleae
539 2873 759 2950 compendium
774 2891 933 2951 spernens,
946 2873 1018 2950 plus
1032 2874 1197 2934 mendacio
1210 2880 1305 2952 atque

253 2992 282 3036 25
298 2979 394 3039 etiam
411 2979 550 3058 periurio
567 2977 756 3038 lucrabatur.
799 2978 842 3037 Et
858 2978 1017 3056 quondam
1038 2979 1181 3056 proximo
1203 2979 1307 3039 conlu-

298 3086 361 3146 sori
372 3085 561 3145 demandata
570 3084 639 3143 vice
654 3103 711 3144 sua
725 3102 911 3162 progressus¹
922 3083 956 3142 in
970 3084 1086 3143 atrium
1101 3084 1304 3160 domnacum

297 3190 527 3269 praetereuntis
543 3190 622 3249 duos
636 3188 759 3267 equites
775 3189 933 3248 Romanos
948 3186 1114 3265 locupletis
1129 3188 1197 3249 sine
1219 3209 1307 3249 mora

297 3296 413 3374 corripi
423 3294 649 3372 confiscarique
659 3293 813 3368 iussisset,
822 3292 982 3352 exsultans
991 3292 1087 3353 rediit
1097 3292 1305 3372 gloriansque,

297 3420 467 3479 numquam
483 3419 515 3461 se
530 3398 725 3477 prosperiore
739 3397 809 3458 alea
821 3416 921 3457 usum.

251 3521 282 3566 ao
337 3506 422 3566 Filia
430 3524 506 3566 vero
520 3511 603 3579 nata,
615 3508 833 3581 paupertatem
848 3521 904 3563 nec
919 3502 982 3562 iam
996 3502 1199 3581 imperatoria
1212 3505 1307 3564 modo
1319 3511 1356 3563 42

298 3612 354 3671 sed
368 3618 401 3671 et
415 3609 519 3689 patria
533 3626 726 3685 conquerens
741 3626 844 3681 onera,
860 3606 1053 3668 conlationes
1068 3608 1102 3667 in
1119 3608 1307 3670 alimonium

297 3735 332 3775 ac
347 3715 452 3775 dotem
467 3712 590 3791 puellae
604 3710 730 3789 recepit.
773 3709 884 3770 Edixit
898 3715 931 3770 et
941 3716 1064 3773 strenas
1079 3713 1209 3774 ineunte
1224 3733 1308 3775 anno
