2984 4359
430 271 542 322 urana
566 271 615 323 1v.
666 271 695 323 c.
722 270 919 323 carraria
1136 258 1179 324 55

172 444 332 505 Palatium
357 442 612 522 Capitoliumque
638 442 810 503 coniunxit.
861 444 946 518 Mox,
968 462 1030 520 quo
1052 444 1178 522 propior

172 556 264 625 esset,
279 549 313 608 in
327 566 402 609 area
415 547 597 626 Capitolina
610 566 709 607 novae
725 547 836 608 domus
852 547 1060 607 fundamenta
1073 548 1155 608 iecit.

123 664 159 713 23
215 653 376 732 Agrippae
396 672 429 713 se
447 658 593 730 nepotem
610 670 711 729 neque
729 652 815 712 credi
833 667 935 729 neque
955 652 1018 712 dici
1037 653 1077 713 ob
1096 653 1180 731 igno-

172 760 329 821 bilitatem
344 759 413 819 eius
423 758 558 832 volebat,
575 758 846 835 suscensebatque,
862 756 959 836 siqui
973 757 1024 817 vel
1038 758 1179 820 oratione

173 866 223 925 vel
233 865 371 925 carmine
380 862 571 939 imaginibus
580 881 651 922 eum
661 863 829 924 Caesarum
840 862 1021 923 insererent.
1055 864 1210 924 Praedia

173 971 264 1031 cabat
274 975 382 1030 autem
396 975 528 1028 matrem
539 986 629 1029 suam
640 987 678 1027 ex
694 967 823 1042 incesto,
835 968 919 1046 quod
930 968 1094 1044 Augustus
1108 988 1178 1029 curn

172 1075 258 1135 Iulia
282 1074 351 1135 filia
374 1072 563 1148 admisisset,
589 1078 800 1152 procreatam
831 1091 866 1132 ae
890 1092 954 1133 nou
979 1116 1113 1163 umam
1125 1128 1180 1163 m·

173 1185 340 1240 contentus
352 1178 412 1239 hac
424 1178 562 1253 Augusti
576 1177 793 1253 insectatione,
806 1177 953 1238 Actiacas
980 1191 1041 1237 unct
1051 1191 1150 1238 rovere

173 1285 359 1362 Siculasque
374 1284 531 1359 victorias,
545 1290 582 1344 ut
602 1284 746 1344 funestas
765 1282 881 1360 populo
895 1283 955 1342 Ro
979 1263 1021 1311 ¹¹¹⁸
1031 1265 1154 1312 “hm‘'

173 1409 267 1450 mano
285 1394 318 1450 et
334 1388 542 1464 calamitosas,
561 1388 664 1448 vetuit
683 1387 889 1449 sollemnibus
908 1387 999 1449 feriis
1018 1388 1177 1449 celebrari.
1196 1400 1226 1446 ro

173 1495 300 1555 Liviam
313 1494 491 1570 Augustam
506 1494 676 1572 proaviam,
693 1493 821 1556 Ulixem
841 1492 991 1553 stolatum
1006 1493 1180 1553 identidem

173 1599 348 1679 appellans,
360 1599 455 1659 etiam
468 1598 675 1676 ignobilitatis
687 1598 823 1676 quadam
835 1600 875 1659 ad
891 1605 1034 1658 senatum
1044 1598 1182 1677 epistula

174 1723 304 1782 arguere
318 1723 414 1765 ausus
430 1709 487 1779 est,
502 1703 595 1782 quasi
609 1709 751 1764 materno
767 1722 826 1766 avo
843 1703 1010 1764 decurione
1028 1704 1181 1764 Fundano

174 1817 291 1887 ortam;
321 1828 392 1870 eum
413 1809 549 1887 publicis
570 1809 783 1869 monumentis
804 1814 925 1869 certum
946 1810 997 1885 sit,
1017 1808 1180 1869 Aufidium

62 1980 64 1984 7
174 1916 350 1976 Lurconem
370 1916 488 1974 Rornae
510 1914 679 1975 honoribus
703 1913 858 1976 iunctum.
900 1913 1002 1974 Aviae
1023 1914 1181 1974 Antoniae
1197 1927 1226 1973 15

175 2027 331 2081 secretum
353 2019 475 2098 petenti
497 2018 673 2096 denegavit,
697 2018 759 2078 nisi
784 2023 821 2079 ut
844 2019 1051 2080 interveniret
1073 2020 1181 2080 Macro

174 2125 364 2203 praefectus,
376 2143 412 2184 ac
427 2142 483 2201 per
497 2124 589 2184 istius
605 2124 690 2183 modi
705 2124 911 2200 indignitates
922 2130 954 2184 et
968 2126 1074 2185 taedia
1088 2143 1182 2185 causa

175 2231 303 2292 exstitit
316 2229 435 2304 mortis,
449 2230 523 2289 dato
537 2234 652 2303 tamen,
665 2235 700 2288 ut
714 2229 841 2306 quidam
858 2235 981 2308 putant,
997 2235 1029 2290 et
1043 2249 1179 2307 veneu0;

175 2354 229 2395 nec
242 2335 416 2395 defunctae
429 2334 531 2393 ullum
548 2334 696 2394 honorem
714 2334 835 2409 habuit,
851 2336 1075 2414 prospexitque
1092 2354 1109 2395 e
1128 2334 1181 2395 tri-

176 2439 268 2501 cliuio
282 2440 448 2500 ardentem
462 2458 580 2515 rogum.
619 2440 763 2499 Fratrem
777 2441 939 2500 Tiberium
954 2441 1180 2518 inopinantem,
1196 2456 1227 2501 ae

176 2551 301 2622 repente
312 2544 459 2605 immisso
467 2544 593 2605 tribuno
602 2544 750 2620 militum,
760 2545 936 2622 interemit,
952 2544 1095 2606 Silanum
1103 2546 1180 2604 item

178 2668 316 2710 socerum
331 2650 371 2710 ad
386 2668 493 2709 necem
508 2650 717 2727 secandasque
728 2650 883 2711 novacula
893 2650 1000 2711 fauces
1011 2649 1178 2728 compulit:

177 2762 320 2817 causatus
333 2754 368 2814 in
378 2760 521 2831 utroque,
534 2755 617 2832 quod
631 2754 683 2814 hic
695 2755 869 2831 ingressum
881 2775 914 2816 se
925 2756 1082 2816 turbatius
1097 2774 1181 2815 mare

177 2878 237 2919 non
247 2865 333 2921 esset
347 2865 473 2920 secutus
484 2877 520 2919 ec
530 2878 586 2937 spe
600 2860 773 2938 occupandi
787 2861 906 2936 urbem,
918 2861 946 2921 si
961 2860 1036 2938 quid
1051 2859 1112 2920 sibi
1126 2879 1181 2938 per

172 2969 380 3047 tempestates
392 2964 556 3038 accideret,
563 2967 782 3040 remansisset,
797 2965 852 3025 ille
861 2964 1041 3025 antidotum
1050 2947 1183 3031 oboluia
1191 2977 1221 3023 as

179 3075 233 3144 set,
247 3069 340 3148 quasi
359 3069 401 3129 ad
419 3070 635 3146 praecavenda
649 3087 770 3129 venena
789 3087 846 3128 sua
863 3074 1039 3146 sumptum;
1061 3086 1133 3126 oum
1149 3072 1182 3126 et

179 3172 302 3235 Silanus
317 3174 551 3252 impatientiam
565 3193 699 3235 nauseae
712 3174 845 3235 vitasset
859 3180 891 3233 et
906 3172 1082 3233 molestiam
1096 3171 1182 3232 navi·

180 3279 279 3354 gandi,
302 3286 335 3340 et
358 3280 503 3340 Tiberius
527 3285 655 3358 propter
678 3280 839 3339 assiduam
859 3285 891 3338 et
912 3279 1181 3354 ingravescentem

178 3384 289 3444 tussim
304 3386 534 3445 medicamento
544 3404 619 3445 usus
631 3390 722 3445 esset.
758 3384 790 3443 N
792 3403 843 3444 am
855 3383 1021 3445 Claudiurn
1034 3388 1182 3461 patruum

180 3490 315 3549 nonnisi
329 3490 364 3549 in
378 3489 551 3549 ludibrium
565 3489 749 3550 reservavit.
1198 3500 1227 3545 ³0

134 3708 168 3760 26
218 3698 300 3758 Leve
312 3718 347 3760 ae
358 3699 511 3776 frigidum
523 3700 566 3759 sit
579 3699 631 3759 his
642 3699 766 3774 addere,
778 3718 840 3776 quo
851 3701 1043 3778 propinquos
1055 3698 1183 3757 amicos·
