2984 4359
302 259 371 326 136ι
404 273 433 325 o.
457 272 613 325 sunronr
632 273 861 336 rnnuoumnr
879 274 931 325 nr
950 273 1043 325 vrrs
1063 274 1272 326 cassanum

301 446 508 525 Proserpinae
528 452 656 525 raptus;
681 451 827 507 votorum
847 447 1090 526 nuncupatione,
1112 466 1227 523 magna
1248 446 1317 507 iam

301 552 447 611 ordinum
470 551 659 629 frequentia,
679 551 734 611 vix
753 557 894 630 repertae
911 552 1048 630 Capitoli
1067 552 1180 614 claves.
1231 552 1317 613 Cum

301 676 341 717 ex
358 657 498 717 oratione
516 657 593 733 eius,
612 675 676 735 qua
693 656 728 716 in
743 657 910 718 Vindicem
931 658 1106 736 perorabat,
1123 656 1316 718 recitaretur

300 762 335 822 in
362 768 483 837 senatu,
511 763 640 822 daturos
669 780 785 841 poenas
814 762 980 823 sceleratos
1004 781 1040 823 ac
1064 762 1152 824 brevi
1176 763 1315 840 dignum

269 887 285 933 c
301 867 420 927 exitum
436 869 586 945 iactruos,
597 867 826 928 conclamatum
836 874 886 928 est
895 869 935 928 ab
945 868 1118 929 universisz
1145 870 1191 928 Pu
1198 872 1312 945 socies,

300 974 457 1051 Arpano!
491 974 700 1035 Observatum
714 973 810 1033 etiem
821 973 936 1048 fuerat,
947 972 1152 1033 novissimam
1165 973 1314 1033 fabulam

300 1084 445 1138 cantasse
467 1098 538 1138 eum
561 1076 686 1157 publice
707 1076 901 1155 Oedipodem
919 1077 1060 1138 exsulem
1079 1083 1173 1154 atque
1195 1078 1230 1136 in
1249 1078 1312 1137 hoc

300 1182 420 1244 desisse
433 1202 542 1244 versu:

480 1294 579 1351 Θηνᾶν
591 1288 621 1366 μ’
634 1293 723 1370 ‘imi‘
736 1294 890 1371 σύΥΥαμος)
905 1290 1008 1368 μήτηρ)
1022 1289 1123 1367 mill·

256 1411 285 1457 10
340 1394 497 1454 Nuntiata
521 1393 649 1454 interim
674 1394 770 1453 etiam
791 1400 964 1454 ceterorum
988 1394 1184 1454 exercituum
1208 1394 1361 1454 deice-47

300 1499 394 1575 tione,
409 1498 533 1559 litteras
549 1497 716 1577 prandenti
731 1498 793 1560 sibi
807 1498 948 1559 redditas
966 1498 1151 1576 concerpsit,
1166 1517 1307 1558 mensam

527 1603 691 1679 subvertit,
703 1604 782 1664 duos
796 1595 931 1682 scyphos
942 1603 1115 1680 gratissimi
1128 1622 1216 1679 usus,
1228 1622 1305 1681 quos

299 1688 484 1810 ⁸⁰¹f⁸t⁸b¹⁰⁰t
527 1708 697 1769 Homerios
731 1727 752 1768 a
777 1708 937 1769 caelatura
969 1708 1142 1769 carminum
1174 1708 1305 1769 Homeri

299 1775 345 1811 Μ
361 1775 392 1811 ⁸¹⁰
528 1814 668 1889 vocabat,
692 1813 759 1875 solo
782 1813 894 1889 inlisit,
919 1833 955 1875 ac
980 1819 1107 1892 sumpto
1131 1832 1150 1874 a
1171 1814 1307 1875 Locusta

255 1921 288 1986 io
300 1939 420 1981 veneno
431 1926 464 1980 et
479 1920 512 1978 in
527 1938 653 1980 auream
672 1919 824 1998 pyxidem
842 1918 978 1993 condito,
999 1919 1127 1979 transiit
1146 1918 1179 1977 in
1198 1919 1305 1979 hortos

301 2026 501 2101 Servilianos,
517 2024 580 2100 ubi,
595 2023 778 2102 praemissis
799 2023 983 2084 libertorum
1002 2022 1167 2084 fidissimis
1185 2023 1306 2085 Ostiam

300 2132 340 2191 ad
354 2131 486 2192 classem
507 2129 763 2209 praeparandam,
780 2128 924 2189 tribunos
943 2129 1203 2206 centurionesque
1222 2148 1307 2207 prae

299 2237 374 2297 torii
388 2238 427 2296 de
442 2237 535 2313 fugae
555 2234 704 2296 societate
721 2232 898 2312 temptavit.
943 2234 1005 2294 Sed
1025 2235 1139 2312 partim
1160 2234 1308 2311 tergiver-

300 2342 452 2417 santibus,
476 2340 592 2419 partim
616 2345 724 2418 aperte
749 2339 1005 2415 detrectantibus,
1027 2358 1091 2399 uno
1114 2359 1187 2399 vero
1212 2340 1307 2400 etiam

254 2468 284 2515 20
300 2448 528 2526 proclamante:
571 2448 670 2521 Usque
703 2449 818 2505 adeone
844 2449 924 2504 mori
950 2449 1093 2505 miserum
1120 2447 1188 2505 cst?
1221 2446 1307 2506 varie

300 2554 442 2630 agitarit,
454 2551 630 2612 Parthosne
644 2570 684 2611 an
697 2550 830 2610 Galbam
842 2549 976 2628 supplex
990 2556 1120 2629 peteret,
1131 2569 1172 2611 an
1186 2556 1306 2611 atratus

300 2658 439 2737 prodiret
450 2657 483 2716 in
498 2657 659 2735 publicum
673 2675 792 2734 proque
802 2656 913 2716 rostris
924 2661 1044 2733 quanta
1053 2655 1191 2716 maxima
1201 2661 1307 2734 posset

301 2763 501 2825 miseratione
515 2762 640 2822 veniam
654 2761 893 2839 praeteritorum
908 2766 1097 2839 precaretur,
1108 2780 1145 2821 ac
1159 2760 1193 2820 ni
1207 2760 1308 2821 flexis

301 2875 350 2930 set
363 2869 493 2944 animos,
510 2867 562 2928 vel
575 2867 717 2946 Aegypti
733 2867 964 2945 praefecturam
977 2865 1105 2927 concedi
1121 2865 1182 2926 sibi
1195 2872 1305 2927 oraret.

255 2976 455 3042 251nventus
484 2979 541 3050 est
561 2979 671 3052 postea
697 2973 731 3032 in
760 2971 876 3033 scrinio
904 2971 972 3032 eius
997 2970 1056 3032 hac
1083 2972 1123 3031 de
1147 2990 1181 3031 re
1206 2990 1308 3031 sermo

205 3093 208 3099 '
301 3082 472 3156 formatus3
510 3079 565 3140 sed
593 3078 780 3139 deterritum
811 3083 934 3155 putant,
962 3096 1002 3137 ne
1030 3058 1117 3155 prius
1146 3068 1240 3154 quam
1275 3076 1308 3135 in

301 3188 405 3246 forum
427 3186 606 3264 perveniret
627 3185 864 3261 discerperetur.

344 3291 395 3352 Sic
417 3291 606 3369 cogitatione
629 3291 662 3350 in
685 3295 845 3368 posterum
869 3288 954 3348 diem
976 3288 1085 3363 dilata,
1108 3288 1149 3348 ad
1172 3287 1309 3348 mediam

302 3399 369 3457 iere
393 3404 516 3458 noctem
545 3397 709 3470 excitatus,
734 3401 771 3455 ut
795 3393 947 3472 comperit
974 3394 1142 3454 stationem
1171 3392 1308 3452 militum

257 3525 286 3571 oo
302 3505 476 3579 recessisse,
500 3501 648 3582 prosiluit
661 3520 688 3560 e
713 3500 795 3560 lecto
818 3499 969 3576 misitque
990 3499 1106 3559 circum
1128 3498 1255 3573 amicos,
1277 3502 1309 3557 et

303 3612 379 3690 quia
401 3608 484 3670 nihil
509 3590 528 3667 a
550 3625 706 3684 quoquam
729 3605 978 3679 renuntiabatur,
1007 3604 1075 3681 ipse
1102 3622 1174 3662 cum
1201 3602 1323 3681 paucis·

303 3717 445 3796 hospitia
464 3712 659 3789 singulorum
678 3709 767 3770 adiit.
809 3710 929 3770 Verum
947 3708 1063 3769 clausis
1082 3708 1223 3768 omnium
1237 3706 1310 3767 fori-
