2984 4359
299 270 340 337 16
374 277 404 335 c.
432 284 588 336 sosronr
610 285 840 350 rnauournm
862 286 913 336 on
932 287 1023 338 vrrs
1046 286 1251 340 cassanum

296 459 346 516 est
372 455 580 533 opinantium,
609 475 819 519 successorem
849 458 983 519 ascitum
1013 477 1085 519 eum
1114 458 1305 520 necessitate

296 560 397 637 magis
412 579 507 638 quam
521 560 646 636 iudici0,
662 562 788 639 quando
801 563 848 623 ita
861 563 999 641 praefari
1012 582 1076 622 non
1090 563 1301 624 abstinuerit..

336 665 563 743 Principatum,
579 666 724 743 quamvis
739 685 839 744 neque
854 686 1005 746 occupare
1019 668 1187 729 confestim
1201 675 1355 745 1161111624

296 788 386 846 agere
407 770 593 846 dubitasset,
615 770 751 831 statione
772 771 919 847 militum,
941 772 1001 832 hoc
1021 779 1070 834 est
1090 772 1124 833 vi
1144 777 1178 833 et
1199 772 1304 851 specie

264 895 280 940 s
295 938 435 985 Proteum
522 875 755 951 dominationis,
766 882 936 955 assumpta,
948 877 1003 937 diu
1013 882 1120 938 tamen
1134 878 1303 953 recusavit,

294 987 438 1060 mlum„
447 1015 475 1060 t,
520 980 795 1057 impudentissimo
809 981 904 1040 mimo
918 1000 1001 1041 nunc
1015 983 1215 1043 adhortantis
1229 982 1305 1043 ami-

294 1087 487 1146 ²⁸⁸11¹²¹0¹m1²÷
520 1104 571 1145 cos
593 1084 759 1163 increpans
781 1092 817 1145 ut
837 1090 969 1164 ipnuros,
984 1096 1099 1163 quonia
1120 1090 1208 1147 belua
1228 1096 1304 1148 esset

294 1161 484 1221 ‘mmm
521 1193 690 1266 imperiom,
711 1210 794 1250 nunc
815 1198 994 1268 precantem
1016 1198 1159 1253 senatum
1181 1198 1214 1252 et
1235 1211 1304 1271 pro

294 1294 491 1353 cumbentem
510 1294 571 1354 sibi
590 1295 631 1354 ad
652 1314 755 1370 genua
775 1296 930 1371 ambiguis
951 1298 1110 1374 responsis
1132 1304 1164 1357 et
1185 1297 1304 1357 callida

249 1415 279 1461 lo
294 1399 493 1459 cunctatione
515 1400 725 1477 suspendens,
756 1405 791 1459 ut
804 1381 943 1477 'quidam
967 1401 1153 1479 patientiam
1179 1420 1304 1480 rumpe-

293 1509 365 1564 rent
381 1511 476 1580 atque
496 1523 578 1564 unus
600 1504 634 1563 in
654 1504 795 1576 tumultu
816 1505 1037 1582 proclamaret:
1066 1507 1131 1566 Aut
1151 1516 1304 1584 opstant

293 1612 437 1672 desistat!
461 1608 541 1668 alter
564 1627 667 1669 coram
688 1609 899 1686 exprobraret,
914 1616 1042 1686 ceteros,
1057 1611 1141 1688 quod
1162 1610 1303 1689 polliciti

293 1715 358 1774 sint
387 1714 475 1774 tarde
506 1719 673 1791 praestare,
702 1714 757 1773 sed
785 1714 899 1791 ipsum,
928 1716 1012 1792 quod
1042 1721 1181 1792 praestet
1209 1716 1302 1776 tarde

292 1818 442 1898 polliceri.
485 1818 624 1877 Tandem
647 1818 737 1895 quasi
758 1825 890 1893 coactus,
905 1824 937 1878 et
958 1838 1092 1896 querens
1111 1824 1258 1879 miseram
1275 1828 1302 1879 et

247 1943 276 1989 15
292 1943 450 1984 onerosam
470 1926 592 1999 ioc'unpi
612 1925 672 1981 sibi
691 1927 869 1997 servitutem,
892 1924 1010 2001 recepit
1030 1924 1216 2002 imperium3
1242 1943 1302 1984 nec

291 2034 398 2089 tamen
419 2027 521 2102 aliter,
538 2046 631 2104 quam
652 2031 689 2085 ut
710 2026 925 2104 depositurum
947 2045 979 2087 se
1000 2028 1188 2105 quandoque
1210 2047 1302 2106 spem
1324 2107 1326 2112 .

291 2135 417 2194 faceret.
461 2131 568 2209 Ipsius
586 2131 681 2191 verba
697 2137 788 2191 sunt:
810 2133 895 2190 Dora
915 2135 1035 2191 venium
1056 2135 1097 2192 od
1118 2136 1151 2191 id
1172 2141 1301 2208 tempas,

290 2257 349 2315 quo
367 2240 451 2297 vobis
470 2255 600 2312 aequom
613 2239 712 2311 possit
725 2238 824 2294 videri
842 2239 916 2295 dore
927 2255 980 2295 cos
996 2239 1133 2311 oliqomn
1154 2241 1303 2297 acoemeti

290 2362 374 2404 meae
389 2346 530 2417 requiem.

244 2463 274 2510 ro
331 2446 508 2508 Cunctandi
523 2463 617 2504 causa
631 2449 698 2503 erat
712 2449 815 2504 metus
829 2444 968 2521 undique
984 2444 1220 2505 imminentium
1238 2446 1302 2507 dis·
1314 2456 1353 2506 25

289 2551 466 2626 criminum,
480 2555 517 2610 ut
532 2567 623 2626 saepe
638 2551 742 2624 lupum
756 2567 787 2607 11
801 2550 1030 2608 cumbermere
1041 2548 1169 2608 diceret.
1211 2551 1312 2610 Nam'

514 2658 547 2713 et
561 2672 667 2713 servus
682 2639 842 2728 Agrippae
858 2650 1001 2712 Clemens
1015 2653 1142 2712 nomine
1152 2673 1218 2714 non
1229 2673 1302 2714 con-

288 2736 433 2857 ffigffi*
513 2757 712 2818 temnendam
728 2774 853 2814 manum
869 2755 903 2813 in
918 2755 1069 2815 ultionem
1084 2757 1207 2816 domini
1218 2777 1302 2818 oom-

514 2866 649 2941 pararat,
665 2866 697 2920 et
710 2860 746 2919 L.
763 2858 942 2926 Scribonius
957 2860 1037 2919 Libo
1051 2860 1100 2918 vir
1114 2862 1233 2923 nobilis
1247 2883 1300 2924 res

242 2990 271 3035 25
287 2990 386 3032 novas
414 2968 495 3029 clam
522 2965 719 3039 moliebatur,
747 2961 780 3022 61
806 2962 924 3040 duplex
952 2963 1066 3023 seditio
1093 2965 1235 3025 militum
1264 2968 1301 3027 in

287 3074 419 3154 Illyrico
441 3079 473 3133 61
497 3072 531 3130 in
555 3068 724 3130 Germania
748 3072 857 3126 exorta
877 3070 933 3125 est.
975 3066 1180 3143 Flagitabant
1204 3072 1301 3132 ambo

287 3180 444 3242 exercitus
459 3176 561 3236 multa
579 3179 669 3233 extra
687 3171 838 3244 ordinem,
853 3176 924 3229 ante
945 3171 1051 3230 omnia
1070 3177 1107 3231 ut
1128 3191 1301 3250 aequaren-

287 3292 340 3346 tur
356 3280 515 3361 stipendio
534 3275 750 3357 praetorianis.
794 3272 1027 3333 Germaniciani
1048 3275 1177 3352 quidem
1200 3278 1301 3339 etiam

286 3388 461 3468 principem
483 3380 703 3444 detractabant
727 3397 790 3436 non
812 3395 831 3435 1
855 3395 887 3436 se
912 3376 1031 3452 datum,
1053 3397 1240 3459 summaque
1265 3385 1300 3443 vi

222 3525 224 3532 .
240 3510 269 3555 30
287 3491 519 3562 Germanicum,
537 3485 677 3564 quitum
696 3481 737 3541 iis
757 3484 908 3558 praeerat,
923 3480 964 3538 ad
984 3485 1210 3559 capessendam
1230 3506 1302 3547 rem

285 3596 445 3677 publicam
479 3590 642 3666 urgebant,
671 3602 861 3663 quamquam
896 3582 1048 3644 offirmata
1083 3588 1300 3652 resistentem.

283 3703 385 3774 Quem
413 3695 549 3757 maxime
577 3709 685 3751 casum
712 3688 837 3762 timens,
856 3695 962 3773 portes
989 3691 1049 3747 sibi
1072 3708 1151 3765 quos
1167 3677 1303 3756 *senatui
