2984 4359
419 289 532 343 nnsnn
554 293 589 345 v.
638 292 753 345 nrvos
775 291 968 346 ennomus.
1136 279 1199 345 101

187 465 339 526 functum
360 471 536 527 senatorem
556 465 718 526 inauditos
732 471 766 525 et
779 465 925 526 innoxios
940 465 1101 543 relegavit,
1116 466 1201 545 quod
1321 457 1332 472 '

188 568 245 629 ille
260 571 412 631 adversus
429 570 589 647 privatum
604 589 637 631 se
651 569 924 649 intemperantius:
933 570 1201 654 affuissetdiqin

188 676 354 736 aedilitate
375 675 549 754 inquilinos
570 655 924 766 praediorumsu‘olunrj
943 659 1052 737 contra
1066 657 1201 738 v'etitnm

189 789 279 844 cocta
307 782 490 859 vendentes,
522 782 689 844 multasset
716 771 919 862 vilicrrinquei
935 773 1214 871 intetmdienteni.

189 889 391 965 flagellasset
430 891 500 962 Qua
513 890 552 950 de
566 909 660 951 causa
674 867 770 951 etiam
781 867 1005 951 coercitionem
1014 869 1231 969 ponina'rur'n‘o

190 996 348 1057 aedilibus
368 996 496 1057 ademit.

232 1103 280 1163 Ac
293 1121 334 1162 ne
352 1101 524 1163 stultitiam
545 1101 673 1180 quidem
695 1121 784 1163 suam
804 1102 940 1178 reticuit,
959 1101 1200 1181 simulatamque

192 1226 258 1267 ase
273 1226 314 1267 ex
328 1207 486 1268 industria
506 1208 565 1268 sub
582 1208 671 1281 Gaio,
692 1207 777 1285 quod
794 1207 886 1267 aliter
905 1226 1055 1268 evasurus
1073 1226 1200 1287 perven-

192 1319 344 1391 turusque
365 1314 406 1373 ad
427 1318 604 1391 susceptam
626 1312 796 1373 stationem
812 1332 876 1373 non
890 1313 996 1388 fuerit,
1012 1313 1200 1392 quibusdam

194 1417 399 1478 oratiunculis
417 1423 554 1479 testatus
568 1423 631 1494 est;
654 1436 712 1477 nec
726 1423 832 1477 tamen
849 1418 1015 1496 persuasit,
1030 1438 1099 1478 cnm
1115 1418 1200 1480 intra
1217 1428 1246 1473 10

194 1523 286 1583 breve
301 1528 425 1601 tempus
440 1523 521 1583 liber
535 1523 639 1583 editus
653 1523 705 1598 sit,
719 1522 773 1582 cni
786 1522 882 1581 index
897 1529 964 1583 erat
979 1528 1089 1603 Μωρῶν
1103 1527 1200 1586 ἐπανά-

195 1654 303 1704 στασις,
319 1634 539 1705 argumentum
553 1633 669 1702 autem,
685 1627 857 1689 stultitiam
870 1628 1028 1688 neminem
1042 1629 1167 1706 fingere.

142 1733 181 1784 39
231 1735 322 1793 Inter
343 1739 447 1794 cetera
466 1734 498 1793 in
523 1752 559 1793 eo
578 1733 686 1794 mirati
704 1739 780 1794 suut
798 1733 941 1794 homines
960 1740 992 1794 et
1009 1734 1199 1795 oblivionem

194 1845 224 1899 et
243 1838 553 1914 inconsiderantiam,
574 1838 634 1915 vel,
656 1844 693 1898 ut
714 1839 832 1900 Graece
858 1819 971 1915 dicam,
995 1844 1146 1921 μιτιωρίαν
1167 1846 1200 1901 et

193 1948 340 2023 ἀβλεψίαν.
377 1944 488 2005 Occisa
498 1943 680 2020 Messalina,
690 1944 785 2023 paulo
796 1950 868 2023 post
878 1963 973 2022 quarn
997 1987 1187 2049 ammom·
1216 1955 1245 2001 15

194 2048 226 2108 in
238 2048 381 2110 triclinio
397 2049 555 2126 decubuit,
570 2069 625 2109 cur
640 2052 767 2110 mian
784 2069 846 2109 aon
859 2054 972 2110 ueniret
997 2076 1058 2111 nes·
1069 2064 1164 2112 mola

193 2155 347 2233 requisiit.
383 2155 504 2228 Multos
518 2174 556 2215 ex
571 2155 621 2231 iis,
636 2174 715 2233 quos
730 2155 834 2234 capite
848 2156 973 2216 damna·
998 2137 1129 2187 mmm

193 2265 289 2334 verat,
317 2265 444 2338 postero
468 2260 577 2320 statim
604 2259 656 2320 die
684 2265 717 2320 et
740 2261 775 2319 in
800 2259 1024 2321 consiliumet
1048 2260 1088 2320 ad
1112 2258 1198 2320 aleae

192 2364 295 2425 lusum
319 2364 480 2425 admoneri
504 2364 599 2425 iussit
622 2370 663 2441 et,
686 2364 777 2443 quasi
798 2371 1002 2441 morarentur,
1026 2371 1062 2425 ut
1087 2363 1200 2425 somni·

192 2469 314 2530 culosos
342 2487 398 2548 per
425 2469 573 2530 nuntium
600 2469 766 2549 increpuit.
823 2472 984 2531 Ducturus
1013 2476 1121 2530 contra
1149 2471 1198 2531 fas
1215 2485 1245 2530 ao

192 2573 403 2653 Agrippinam
423 2593 562 2651 uxorem,
582 2594 647 2635 non
668 2575 805 2636 cessavit
825 2575 911 2636 omni
935 2576 1075 2636 oratione
1094 2578 1199 2653 fllium

192 2690 219 2740 ct
231 2682 390 2740 dameam
404 2690 431 2740 et
444 2684 478 2740 ia
490 2684 605 2759 qremio
616 2700 670 2739 suo
684 2691 791 2741 natam
805 2692 893 2757 atque
907 2685 1065 2741 educatam
1079 2681 1199 2759 praedi-

191 2804 269 2846 care.
306 2785 495 2847 Adsciturus
509 2785 544 2845 in
558 2805 672 2846 nornen
685 2787 853 2862 Neronem,
868 2787 959 2864 quasi
973 2806 1085 2866 parum
1099 2805 1200 2865 repre

192 2891 391 2966 henderetur,
412 2891 497 2970 quod
518 2891 628 2952 adulto
648 2891 712 2951 iarn
732 2892 800 2951 filio
823 2892 1003 2970 privignum
1024 2893 1198 2969 adoptaret,

191 2997 365 3057 identidem
387 2997 574 3073 divulgavit,
595 3001 747 3058 neminem
767 3017 912 3073 umquam
927 3017 986 3074 per
1006 3000 1199 3073 adoptimum
1214 3015 1244 3060 at

193 3105 337 3176 familiae
358 3102 507 3165 Οἳατιάίαε
528 3107 683 3165 insertum.

144 3215 181 3267 40
233 3208 393 3269 Sermonis
413 3227 489 3269 vero
512 3227 680 3288 rerumque
703 3215 825 3270 tantam
851 3227 943 3287 saepe
966 3209 1199 3287 neglegentiam

192 3314 340 3389 ostendit,
362 3320 398 3375 ut
419 3333 476 3376 nec
498 3315 569 3393 quis
589 3334 647 3375 nec
667 3315 751 3375 inter
771 3333 859 3392 quos,
874 3333 975 3392 quove

191 3425 332 3499 ternpore
346 3438 382 3480 ae
397 3419 467 3481 loco
480 3420 576 3480 verba
590 3420 717 3495 faceret,
733 3419 813 3481 scire
827 3425 883 3479 aut
896 3419 976 3497 cogi·
990 3407 993 3414 ’
1035 3394 1142 3533 {iffi

191 3531 258 3586 tare
272 3524 519 3587 existimaretur.
550 3525 628 3585 Cum
639 3526 679 3585 de
693 3524 787 3586 laniis
800 3523 975 3586 scrinariis
1215 3538 1244 3583 ao

191 3636 345 3708 ageretur,
361 3629 552 3691 exclamavit
571 3631 606 3689 in
625 3630 727 3690 ouria:
759 3632 845 3707 Roqo
859 3649 921 3705 cos,
935 3634 1003 3706 qais
1018 3639 1117 3706 potest
1135 3634 1199 3689 sine

190 3740 284 3815 effide
301 3736 433 3797 mame?
452 3733 681 3813 descripsitque
700 3734 926 3795 abundantiam
941 3741 1083 3795 veterum
1101 3735 1199 3794 taber-
