2984 4359
312 259 354 338 50
388 272 419 325 c.
441 270 598 322 suuronr
619 270 849 335 ramorum
871 227 921 324 mr
945 272 1037 324 vrrs
1059 272 1264 325 cansarum

312 444 541 520 traduceretur3
564 449 597 503 at
619 442 653 502 in
674 443 856 504 memoriam
876 444 978 522 patris
1000 445 1216 523 Septembrem
1235 464 1316 505 men-

312 569 377 611 sem
392 548 614 610 Germanicum
634 548 815 627 appellavit.
858 550 936 610 Post
954 549 1031 610 haec
1045 550 1203 610 Antoniae
1218 551 1314 627 aviae,

311 655 466 733 quidquid
484 673 634 733 umquam
653 654 747 714 Livia
760 655 906 731 Augusta
924 655 1077 715 honorum
1094 656 1239 733 cepisset,
1254 677 1316 717 uno

312 766 438 822 senatus
459 760 603 820 consulto
624 759 797 836 congessit3
820 767 966 839 patruum
987 760 1163 836 Claudium,
1178 761 1313 839 equitem

278 868 488 927 5R0manum
509 866 550 925 ad
570 865 604 925 id
624 871 759 942 tempus,
773 864 925 941 collegam
947 865 1008 925 sibi
1029 865 1063 924 in
1084 866 1252 927 consulatu
1272 887 1317 929 as

311 971 462 1051 sumpsit;
491 970 622 1030 fratrem
648 969 810 1030 Tiberium
834 970 886 1030 die
910 970 1013 1030 virilis
1037 977 1128 1047 togae
1152 973 1316 1050 adoptavit

310 1075 544 1155 appellavitque
566 1075 740 1154 principem
762 1075 954 1152 iuventutis,
977 1075 1016 1136 de
1035 1076 1193 1137 sororibus
1208 1083 1316 1138 auctor

310 1182 383 1256 fuit,
395 1187 430 1241 ut
443 1181 588 1241 omnibus
603 1181 807 1241 sacramentis
821 1180 1012 1241 adiceretur:
1033 1200 1127 1257 oeque
1137 1202 1185 1241 me
1199 1184 1317 1242 liberos

310 1307 365 1363 que
387 1306 468 1346 occos
491 1290 624 1346 cariores
648 1288 760 1346 habebo
782 1306 875 1362 quom
900 1287 1015 1347 Gaium
1037 1289 1130 1346 babeo
1151 1299 1179 1346 et
1200 1307 1316 1347 sorores

265 1402 295 1447 10
310 1398 393 1466 eiua·
414 1393 490 1452 item
512 1391 717 1451 relationibus
739 1391 919 1451 consulum:
948 1394 1028 1467 quod
1052 1395 1162 1451 bonam
1180 1394 1316 1469 sellaque

310 1503 349 1557 sit
372 1498 403 1558 0.
423 1498 550 1559 Caesari
563 1499 780 1572 sororibusque
800 1500 872 1556 eius.

349 1602 423 1663 Pari
437 1601 648 1680 popularitate
663 1602 828 1661 damnatos
845 1601 1062 1680 relegatosque
1079 1602 1239 1679 restituit;
1261 1605 1317 1663 cri-

310 1708 438 1783 minum,
465 1706 493 1767 si
517 1725 596 1785 quac
621 1706 748 1767 residua
772 1726 811 1765 ex
839 1707 942 1785 priore
971 1713 1110 1784 tempore
1137 1709 1315 1784 manebant,

309 1813 448 1872 omnium
468 1812 602 1888 gratiam
617 1812 712 1887 fecit3
734 1811 975 1872 commentarios
990 1813 1031 1872 ad
1045 1812 1155 1895 matris
1169 1813 1317 1873 fratrum·

265 1931 294 1976 15
309 1937 369 1996 que
387 1937 514 1978 suorum
532 1935 641 1977 causas
661 1916 861 1994 pertinentis,
880 1936 920 1976 ne
942 1917 992 1976 cui
1013 1918 1214 1995 postmodum
1235 1897 1317 1979 dela

309 2023 371 2082 tori
385 2030 439 2082 aut
453 2023 529 2083 testi
543 2028 684 2081 maneret
698 2021 782 2081 ullus
800 2031 911 2095 metus,
926 2028 1092 2082 convectos
1106 2022 1139 2081 in
1155 2022 1270 2099 forum,
1285 2030 1317 2084 et

309 2134 382 2189 ante
403 2127 485 2188 clare
506 2128 682 2188 obtestatus
704 2127 779 2186 deos
800 2145 901 2204 neque
920 2125 1035 2202 legisse
1054 2145 1156 2204 neque
1170 2128 1316 2204 attigisse

309 2233 484 2312 quicquam,
503 2232 730 2308 concremavit3
753 2231 895 2291 libellum
915 2232 954 2291 de
974 2232 1075 2292 salute
1096 2251 1154 2292 sua
1174 2232 1316 2293 oblatum

308 2358 372 2399 non
391 2339 517 2416 recepit,
535 2338 737 2412 contendens,
755 2339 832 2395 nibil
848 2340 907 2396 sibi
923 2341 1092 2396 admissum
1106 2357 1161 2396 cur
1173 2343 1316 2414 cuiquam

261 2455 294 2501 au
309 2448 425 2503 laubos
452 2452 534 2518 esset,
563 2442 754 2519 negavitque
782 2461 815 2502 se
844 2442 1035 2502 delatoribus
1063 2462 1154 2502 aures
1189 2443 1314 2503 habere.

277 2531 279 2534 V
310 2549 490 2627 Spinthrias
512 2554 757 2607 monstrosarum
781 2547 958 2622 libidinum,
982 2566 1072 2622 aegre
1094 2566 1134 2606 ne
1157 2548 1316 2625 profundo
1331 2556 1366 2607 16

308 2693 354 2742 ms
364 2693 469 2742 „form
533 2658 687 2728 mergeret
702 2658 858 2727 exoratus,
873 2653 950 2712 urbe
964 2652 1130 2712 submovit.
1174 2653 1240 2713 Titi
1260 2655 1317 2713 La

308 2768 480 2817 mimnerm-
534 2757 627 2832 bieni,
652 2757 745 2817 Cordi
768 2758 918 2831 Cremuti,
942 2756 1032 2817 Cassi
1056 2757 1168 2816 Severi
1187 2759 1314 2835 scripta,

308 2845 376 2892 ”⁰¹¹⁸
534 2870 661 2923 senatus
683 2862 836 2923 consultis
857 2862 983 2937 abolita,
1004 2863 1122 2939 requiri
1141 2868 1173 2922 ct
1194 2881 1262 2923 csse
1282 2864 1315 2922 in

263 2984 293 3029 25
309 2966 452 3027 manibus
474 2967 673 3045 lectitarique
695 2967 849 3045 permisit,
869 2971 990 3043 quoodo
1007 2971 1138 3026 marimo
1155 2986 1214 3026 suo
1227 2971 1316 3028 iater-

308 3081 382 3131 esset
392 3077 516 3148 olfacto
526 3093 660 3149 quaeqae
670 3077 801 3149 posteris
811 3076 978 3132 tradamur.
1015 3072 1166 3133 Rationes
1178 3070 1314 3150 imperii,

308 3178 348 3237 ab
371 3177 515 3254 Augusto
538 3178 670 3257 proponi
699 3178 810 3239 solitas
834 3179 888 3237 sed
913 3197 932 3237 a
954 3177 1079 3237 Tiberio
1106 3176 1314 3254 intermissas,

309 3282 489 3362 publicavit.
546 3284 788 3361 Magistratibus
820 3283 950 3344 liberem
978 3282 1056 3343 iuris
1084 3283 1255 3345 dictionem
1283 3288 1316 3343 et

309 3388 377 3448 sine
392 3388 441 3449 sui
455 3389 666 3467 appellatione
681 3389 844 3449 concessit
885 3388 1018 3465 Equites
1034 3389 1191 3449 Romanos
1207 3409 1316 3452 severe

263 3520 293 3565 30
308 3492 500 3571 curioseque,
528 3513 585 3554 ricc
619 3494 686 3555 sine
719 3494 941 3568 moderatione,
980 3494 1170 3570 recognovit,
1209 3495 1315 3572 palam

309 3599 455 3676 adempto
473 3617 553 3676 equo
572 3599 686 3676 quibus
705 3605 761 3658 aut
783 3599 889 3676 probri
910 3598 1032 3675 aliquid
1051 3604 1106 3657 aut
1123 3598 1314 3673 ignominiae

308 3704 435 3779 inesset,
457 3722 564 3762 eorum
586 3703 642 3781 qui
667 3702 787 3762 minore
811 3703 905 3781 culpa
928 3708 1111 3763 tenerentur
1134 3702 1315 3765 nominibus
