2984 4359
487 288 597 340 arnna
620 288 670 340 1n.
724 288 905 340 marmus.
1158 276 1200 343 17

195 464 295 523 liberet
312 464 441 522 mendac
455 465 488 521 in
502 481 534 522 re
548 464 672 538 publico
686 460 880 540 depoposcit,
900 465 1021 538 quondo
1042 466 1199 523 antemnae

194 569 325 644 sufficere
345 568 427 627 solua
448 545 533 626 nemo
549 570 736 643 peccatrici
754 586 821 626 eam
842 568 936 626 odero
956 569 1001 626 cel
1021 571 1112 627 etiam
1132 586 1200 627 eam

196 674 347 748 plaribaa
391 670 560 731 Simulavit
574 677 606 731 et
621 670 843 747 valetudinem,
859 690 921 748 quo
934 672 1079 749 aequiore
1094 672 1199 733 animo

195 776 401 839 Germanicus
429 776 562 836 celerem
590 775 817 836 successionem
838 777 888 836 vei
913 783 997 836 certe
1017 777 1198 838 societatem

190 879 387 958 principatus
399 881 602 958 opperiretur.
637 879 829 958 Compositis
841 882 1047 943 seditionibus
1061 881 1200 943 Clemen·
1214 902 1230 948 t

192 990 255 1045 tem
284 1002 419 1062 quoque,
447 983 559 1043 fraude
586 983 761 1060 deceptum,
789 983 910 1060 redegit
937 984 971 1044 in
999 991 1197 1064 potestatem.

193 1091 355 1165 Libonem,
380 1108 421 1148 ne
444 1088 521 1166 quid
543 1088 578 1147 in
601 1088 741 1149 novitate
770 1088 912 1150 acerbius
938 1090 1036 1165 fieret,
1062 1093 1198 1152 secundo

192 1196 319 1256 demum
340 1213 422 1255 anno
442 1194 476 1253 in
497 1199 609 1254 senatu
630 1193 779 1270 coarguit,
801 1194 904 1254 medio
925 1196 1074 1273 temporis
1095 1198 1198 1275 spatio

191 1306 317 1360 tantum
331 1316 440 1359 cavere
457 1303 641 1373 contentus;
670 1317 744 1358 nam
765 1305 798 1359 et
817 1298 901 1359 inter
921 1300 1085 1378 pontifices
1107 1301 1199 1362 sacri·
1227 1337 1235 1353 ·

191 1405 300 1465 ficanti
320 1403 414 1465 simul
435 1422 493 1481 pro
513 1403 668 1481 secespita
687 1403 869 1482 plumbeum
891 1404 1026 1464 cultrum
1047 1406 1199 1467 subicien·
1214 1422 1242 1469 rc

191 1511 267 1570 dum
282 1510 415 1583 curavit,
430 1514 462 1568 et
477 1514 632 1569 secretum
646 1507 768 1586 petenti
785 1508 911 1570 nonnisi
928 1509 1072 1570 adhibito
1092 1512 1197 1573 Druso

190 1614 258 1675 filio
279 1614 378 1688 dedit,
400 1613 606 1691 dextramque
620 1613 859 1674 ‚obambulantis
880 1614 981 1674 veluti
1002 1614 1195 1693 incumbens,

190 1720 294 1797 quoad
308 1724 510 1798 perageretur
524 1736 635 1794 sermo,
650 1717 814 1779 continuit.

142 1831 178 1884 26
229 1826 349 1887 Verum
359 1824 511 1885 liberatus
525 1830 621 1899 metu,
632 1823 760 1883 civilem
769 1824 938 1884 admodum
957 1825 1040 1885 inter
1054 1826 1146 1887 initia
1160 1846 1196 1888 ac

189 1930 284 2008 paulo
299 1929 404 1989 minus
418 1947 514 2006 quam
527 1928 687 2006 privatum
702 1928 775 2004 egit.
815 1930 864 1989 Ex
878 1930 1025 2008 piurimis
1039 1932 1197 1992 maximis
1213 1948 1241 1992 15

190 2054 251 2112 que
264 2034 436 2094 honoribus
450 2039 573 2112 praeter
588 2051 702 2111 paucos
717 2039 749 2093 et
760 2033 897 2094 modicos
909 2054 971 2093 non

189 2140 317 2219 recepit.
368 2138 517 2199 Natalem
545 2158 646 2212 suum,
670 2138 790 2217 plebeis
815 2139 972 2199 incurren·
1058 2199 1088 2233 ue

189 2250 253 2305 tem
275 2244 477 2320 circensibus,
492 2243 547 2303 vix
568 2243 663 2303 unius
683 2244 775 2320 bigae
795 2244 969 2304 adiectione

189 2348 337 2409 honorari
351 2367 462 2427 passus
477 2355 533 2409 est.
569 2348 709 2426 Templa,
719 2347 871 2424 flamines,
883 2350 1060 2411 sacerdotes
1071 2352 1195 2412 decerni

191 2454 251 2516 sibi
265 2454 436 2532 prohibuit,
451 2453 549 2514 etiam
562 2459 684 2514 statuas
700 2459 796 2530 atque
813 2453 965 2530 imagines
986 2455 1049 2516 nisi
1069 2457 1196 2534 permit
1211 2475 1241 2520 aa

189 2565 277 2619 tenta
299 2578 332 2619 se
353 2559 444 2638 poni:
473 2558 678 2637 permisitque
699 2576 736 2618 ea
757 2558 824 2619 sola
844 2559 1034 2636 condicione,
1052 2581 1092 2621 ne
1112 2562 1195 2622 inter

190 2664 359 2725 simulacra
371 2664 500 2723 deorum
518 2664 574 2724 sed
594 2663 678 2723 inter
698 2671 882 2724 ornamenta
902 2664 1026 2725 aedium
1047 2685 1196 2744 poneren-

189 2774 250 2829 tur.
293 2768 480 2829 Intercessit
496 2775 528 2829 et
547 2788 609 2846 quo
628 2769 731 2830 minus
753 2769 787 2828 in
808 2776 878 2829 acta
899 2789 956 2830 sua
976 2770 1141 2847 iuraretur,
1162 2778 1195 2831 et

190 2893 229 2934 ne
259 2873 378 2934 mensis
410 2873 594 2951 September
624 2874 778 2949 Tiberius,
804 2874 938 2936 October
968 2875 1079 2936 Livius
1109 2895 1196 2938 voca-

190 2983 307 3038 rentur.
362 2978 556 3038 Praenomen
585 2998 708 3057 quoque
738 2984 929 3055 imperatoria
962 2998 1195 3059 cognomenque
1211 2997 1241 3043 at

185 3086 287 3158 patris
308 3087 441 3159 petrice,
471 3088 503 3143 et
531 3082 663 3144 civicam
692 3082 727 3143 in
753 3084 911 3145 vestibulo
939 3103 1082 3145 coronam
1112 3105 1196 3147 recu·

191 3187 288 3264 savit;
310 3206 347 3249 ac
368 3206 407 3247 ne
429 3188 561 3267 Augusti
582 3188 708 3266 quidem
729 3208 851 3265 nomen,
866 3208 1053 3267 quamquam
1076 3190 1196 3252 heredi·

190 3292 315 3369 tarium,
329 3293 408 3353 ullis
422 3292 486 3353 nisi
500 3293 541 3352 ad
559 3311 648 3370 reges
666 3313 702 3354 ac
723 3295 874 3373 dynastas
894 3294 1041 3373 epistulis
1061 3296 1194 3358 addidit.

190 3398 257 3458 Nec
280 3398 420 3477 amplius
445 3416 537 3476 quam
563 3416 636 3456 mox
659 3404 724 3459 tres
749 3399 940 3473 consulatus,
965 3419 1062 3459 unum
1087 3402 1195 3478 paucis

191 3502 307 3579 diebus,
323 3503 461 3564 alterum
474 3501 576 3563 tribus
590 3502 759 3579 mensibus,
770 3503 899 3563 tertium
916 3503 1028 3564 absens
1045 3524 1145 3581 usque
1162 3505 1195 3564 in
1211 3527 1241 3572 ω

190 3606 266 3669 Idus
280 3608 386 3669 Maias
401 3605 510 3681 gessit

141 3713 176 3767 27
227 3711 441 3773 Adulationes
455 3709 533 3769 adeo
546 3716 708 3771 aversatus
723 3717 782 3787 est,
795 3717 833 3772 ut
845 3710 1003 3773 neminem
1018 3716 1194 3772 senatorum
