2984 4359
451 311 563 363 amaa
586 312 634 364 iv.
687 311 718 366 o.
743 311 943 365 camenus
1159 299 1200 365 61

191 483 263 561 poio
276 483 387 562 stirpis
406 483 554 562 antiquae
571 484 682 561 Magni
698 502 878 561 cognomen
922 484 1147 561 Ptolemaeum,
1162 484 1202 547 dc

192 608 253 666 quo
267 588 388 664 rettuli,
403 595 436 648 et
450 588 634 650 arcessitum
648 607 666 649 e
680 607 778 665 regno
791 595 824 650 et
839 594 1003 667 exceptum
1021 589 1200 666 honorifice,

192 713 253 753 non
274 693 339 754 alia
356 693 396 753 de
417 712 512 755 causa
529 699 658 772 repente
676 692 841 773 percussit,
860 712 955 772 quam
974 694 1067 772 quod,
1089 694 1201 755 edente

195 816 225 859 se
252 817 379 874 munus,
407 798 582 875 ingressum
610 798 790 877 spectacula
819 798 1011 860 convertisse
1038 798 1201 860 hominum

128 939 130 946 ·
193 904 297 964 oculos
311 903 435 980 fulgore
449 922 625 982 purpureae
636 903 758 965 abollae
772 903 1004 965 animadvertit.
1046 903 1232 966 Pulchroso

193 1015 223 1069 et
236 1015 385 1084 comatos,
398 1009 544 1087 quotiens
559 1009 620 1070 sibi
639 1015 846 1085 occurrerent,
856 1008 1003 1088 occipitio
1016 1028 1088 1070 raso
1098 1010 1201 1070 detur·

193 1115 295 1192 pabat.
338 1116 418 1175 Emt
438 1114 533 1176 Esius
554 1114 706 1176 Proculus
727 1121 817 1193 patre
837 1113 1038 1194 primipilari,
1057 1114 1097 1176 ob
1118 1134 1202 1191 egre-

192 1219 274 1296 giam
288 1220 428 1298 corporis
439 1220 679 1298 amplitudinem
694 1226 727 1282 et
741 1220 878 1299 speciem
889 1220 1069 1283 Colosseros
1082 1220 1199 1298 dictus3

192 1324 274 1385 hunc
297 1325 486 1403 spectaculis
509 1326 683 1388 detractum
711 1330 840 1404 seponto
862 1331 895 1387 ct
916 1325 950 1385 in
974 1326 1123 1387 harenam
1151 1326 1202 1387 de

192 1430 323 1491 ductum
337 1430 470 1491 Thraeci
491 1436 524 1491 et
544 1450 618 1491 mox
637 1430 846 1508 hoplomacho
864 1430 1068 1509 comparavit,
1088 1430 1200 1509 bisque
1217 1444 1246 1490 10

191 1535 344 1596 victorem
365 1534 538 1612 constringi
560 1536 628 1597 sine
649 1554 737 1596 mora
757 1535 851 1597 iussit
871 1541 905 1596 et
924 1535 1039 1614 pannis
1063 1535 1200 1596 obsitum

192 1640 321 1701 vicatim
341 1639 533 1701 circumduci
553 1660 590 1702 ac
614 1640 799 1702 mulieribus
820 1640 955 1716 ostendi,
977 1640 1090 1701 deinde
1113 1639 1201 1718 iugu-

191 1745 258 1805 lari.
300 1745 419 1807 Nullus
440 1746 575 1823 denique
600 1751 667 1807 tam
690 1746 831 1807 abiectae
854 1744 1048 1806 condicionis
1071 1751 1200 1824 tamque

190 1857 349 1911 extremae
373 1850 468 1912 sortis
496 1851 569 1927 fuit,
594 1851 683 1912 ouius
711 1870 775 1911 non
802 1850 973 1912 commodis
1000 1850 1198 1913 obtrectaret.

190 1955 376 2017 Nemorensi
398 1955 474 2033 regi,
488 1956 573 2033 quod
592 1955 708 2017 multos
728 1956 792 2016 iam
811 1974 909 2017 annos
928 1960 1089 2034 poteretur
1102 1975 1200 2017 sacer·
1216 1973 1245 2019 re

190 2060 285 2136 dotio,
300 2060 486 2123 validiorem
501 2061 716 2123 adversarium
733 2060 925 2122 subornavit.
968 2061 1047 2122 Cum
1063 2061 1198 2139 quodam
1246 2071 1267 2116 ο

190 2165 240 2226 die
267 2165 410 2227 muneris
444 2166 602 2227 essedario
637 2166 740 2242 Porio,
776 2166 817 2227 ob
850 2185 1030 2245 prosperam
1060 2185 1197 2244 pugnam

190 2289 315 2331 servum
338 2290 431 2332 suum
455 2271 702 2347 manumittenti,
729 2270 903 2333 studiosius
931 2270 1076 2350 plausum
1105 2276 1197 2348 esset,

188 2375 234 2436 ita
260 2374 419 2454 proripuit
446 2395 479 2438 se
512 2377 711 2455 spectaculis,
740 2384 777 2437 ut
805 2376 924 2437 calcata
958 2375 1074 2437 lacinia
1106 2382 1198 2453 togae

188 2500 338 2559 praeceps
365 2500 422 2559 per
449 2482 564 2559 gradus
592 2482 662 2558 iret,
691 2482 946 2559 indignabundus
974 2487 1007 2541 et
1030 2480 1197 2543 clamitans
1213 2499 1243 2546 ao

188 2589 345 2647 micum
368 2590 502 2664 pestium
520 2590 668 2665 populum
692 2607 729 2649 aa
752 2607 786 2649 re
809 2590 962 2648 bairaima
980 2589 1053 2663 plus
1074 2589 1198 2648 dococta

187 2693 352 2770 phadiatori
386 2694 563 2753 tribuentem
591 2712 683 2770 paam
718 2696 897 2754 consecratis
918 2694 1109 2769 principibus
1142 2700 1197 2753 oct

182 2800 338 2873 praescisti
361 2799 428 2858 sibi.
1006 2789 1009 2797 Α

137 3024 173 3078 37
223 3008 405 3087 Nepotatus
423 3007 602 3087 sumptibus
620 3008 762 3069 omnium
780 3007 980 3087 prodigorum
999 3006 1128 3083 ingenia
1148 3027 1196 3069 su·
1257 3003 1260 3011 ⁴

185 3113 319 3193 paravit,
341 3120 535 3175 commentus
559 3133 675 3174 novum
702 3114 885 3175 balnearum
913 3132 1014 3188 usum,
1039 3118 1196 3191 portento
1210 3129 1240 3176 ao

185 3220 312 3281 sissima
336 3238 450 3296 genera
469 3220 607 3281 ciborum
629 3227 724 3298 atque
749 3238 905 3294 cenarum,
930 3223 967 3278 ut

185 3325 298 3386 calidis
318 3325 507 3404 frigidisque
526 3326 696 3402 unguentis
715 3325 883 3401 lavaretur,
901 3343 968 3403 pre

164 3461 166 3465 ·
184 3430 358 3492 tiosissima
372 3430 541 3507 margarita
555 3436 643 3492 aceto
657 3430 830 3510 liquefacta
841 3431 987 3510 sorberet,
999 3432 1140 3494 convivis
1154 3453 1193 3494 ex

185 3555 260 3597 auro
274 3555 372 3615 panes
392 3541 425 3596 et
443 3536 573 3597 obsonia
592 3543 771 3615 apponeret,
787 3546 841 3597 ast
853 3541 943 3616 frugi
965 3539 1115 3600 bominem
1130 3558 1193 3598 ease

185 3652 318 3719 oponere
341 3641 493 3702 dictitans
514 3651 568 3702 aut
591 3642 759 3703 Caesarem.
802 3642 886 3713 Quin
910 3649 942 3704 et
965 3663 1108 3705 nummos
1129 3662 1193 3702 non
1209 3661 1238 3707 ac

184 3746 351 3808 mediocris
370 3764 510 3808 summae
528 3765 545 3807 e
565 3746 694 3823 fastigio
713 3746 862 3809 basilicae
879 3748 982 3810 Iuliae
999 3768 1055 3828 per
1071 3748 1193 3826 aliquot

992 3284 1151 3345 Proclgallty
