2984 4359
297 280 340 346 18
374 295 404 347 o.
428 293 585 346 sacroru
606 294 838 357 rssnomnm
862 296 911 345 nr
930 295 1021 346 vrrs
1046 295 1252 348 cansarum

295 472 350 525 aut
363 465 457 525 officii
472 471 527 526 aut
544 466 662 542 negotii
680 484 775 527 causa
792 466 833 527 ad
853 466 998 526 lecticam
1019 486 1108 527 suam
1130 467 1304 541 admiserit,

520 571 714 631 consularem
736 589 819 646 vero,
838 572 1085 631 satisfacientem
1108 572 1171 632 sibi
1192 590 1229 632 ac
1251 591 1306 650 per

519 694 622 752 genua
635 694 722 735 orare
737 684 910 751 conantem,
926 676 973 735 ita
987 677 1153 752 suffugerit
1168 682 1206 736 ut
1220 678 1306 737 cade

519 788 567 841 ret
582 781 728 858 supinus;
751 787 845 857 atque
860 781 965 854 etiam,
978 782 1006 841 si
1020 782 1097 858 quid
1113 780 1146 840 in
1162 801 1306 842 sermone

263 885 344 949 arel
368 881 402 945 in
428 887 578 946 continua
601 886 742 945 oratione
766 885 913 945 blandius
936 886 975 945 de
996 905 1029 946 se
1050 887 1220 962 diceretur,
1242 907 1307 947 non

293 990 453 1051 dubitaret
467 990 668 1067 interpellare
683 1008 719 1050 ac
733 990 958 1067 reprehendere
975 998 1007 1051 et
1024 998 1217 1052 commutare
1236 1012 1308 1052 con-

292 1095 391 1155 tinuo.
434 1098 586 1156 Dominus
612 1095 790 1173 appellatus
820 1114 839 1155 a
863 1096 1008 1172 quodam,
1034 1096 1239 1157 denuntiavit
1266 1117 1306 1157 ne

294 1220 327 1261 se
346 1200 484 1279 amplius
501 1199 708 1261 contumeliae
726 1218 821 1260 causa
841 1200 1025 1260 nominaret.
1068 1201 1179 1260 Alium
1201 1202 1307 1262 dicen·

244 1329 252 1345 ·
291 1310 357 1364 tem
372 1324 477 1365 sacras
492 1306 559 1365 eius
577 1304 796 1382 occupationes
814 1309 847 1363 ct
864 1323 972 1364 rursus
994 1304 1101 1380 alium,
1117 1312 1247 1366 auctore
1269 1326 1306 1366 eo

247 1426 276 1471 10
292 1417 438 1470 senatum
453 1427 486 1470 se
501 1411 613 1485 adisse,
629 1409 725 1469 verba
738 1414 860 1468 mutare
875 1414 906 1468 et
920 1428 977 1486 pro
991 1415 1117 1469 auctore
1132 1430 1305 1488 suasorem,

292 1534 349 1592 pro
364 1515 460 1575 sacris
475 1515 647 1575 laboriosas
661 1514 764 1573 dicere
779 1513 889 1589 coegit.
933 1514 995 1572 Sed
1014 1520 1047 1573 et
1064 1514 1217 1576 adversus
1236 1536 1307 1576 con-
1321 1523 1359 1576 28

292 1619 374 1680 vicia
388 1619 550 1697 malosque
564 1636 703 1677 rumores
717 1624 750 1676 et
767 1618 889 1680 famosa
907 1618 945 1677 de
963 1636 996 1678 se
1017 1636 1053 1678 ac
1074 1620 1140 1678 suis
1162 1621 1307 1680 carmina

518 1723 627 1783 firmus
648 1741 683 1782 ac
705 1722 840 1800 patiens,
862 1722 994 1782 subinde
1016 1722 1164 1798 iactabat,
1181 1729 1215 1782 in
1235 1729 1307 1785 eiai-

294 648 417 696 Aversion
427 652 455 697 to

293 722 400 782 dattery

291 1766 424 1900 dinewr
518 1837 577 1887 tate
604 1830 699 1886 libera
726 1829 863 1903 linquam
888 1835 1071 1901 mernemqne
1100 1829 1213 1887 liberas
1242 1850 1307 1891 esse

246 1947 275 1992 15
291 1915 428 1974 permittes
518 1934 641 2004 debere;
666 1936 698 1989 et
716 1930 872 2007 quondam
896 1936 1007 1989 senatu
1028 1932 1240 2006 cognitionem
1265 1935 1305 1994 de

291 2039 359 2098 eius
392 2037 478 2098 modi
507 2035 690 2096 criminibus
718 2052 754 2093 ac
781 2034 844 2092 reis
871 2032 1042 2108 flagitante,
1073 2038 1145 2095 Non
1173 2047 1305 2113 tantam,

291 2142 406 2220 inquit,
432 2145 487 2201 otii
511 2143 663 2213 habemas,
689 2148 722 2197 nt
745 2140 901 2213 implicare
926 2158 981 2197 nos
1007 2141 1148 2214 pluribus
1176 2148 1307 2219 neqotiis

291 2250 471 2320 debeamns;
500 2249 529 2305 si
549 2247 628 2306 tana
640 2246 809 2318 fenestram
831 2246 1018 2317 aperueritis,
1041 2245 1119 2302 nibil
1143 2248 1231 2306 alind
1253 2253 1308 2325 aqi

291 2356 416 2412 sinetis:
438 2355 575 2410 omnium
589 2351 769 2410 inimicitiae
788 2349 841 2404 hoc
856 2356 1010 2421 praetecta
1031 2352 1073 2406 ad
1094 2368 1150 2408 nos
1170 2354 1307 2426 deferen-

245 2473 275 2518 20
290 2468 348 2517 tar.
391 2459 507 2516 Exstat
522 2461 554 2513 et
569 2472 670 2514 sermo
684 2452 752 2511 eius
764 2452 797 2509 in
812 2458 923 2511 senatu
939 2452 1117 2529 percivilis:
1141 2456 1307 2531 Siquidem

291 2566 406 2622 locatas
428 2563 517 2620 aliter
533 2562 641 2634 faerit,
663 2559 741 2615 dabo
766 2575 890 2630 operam
913 2565 947 2613 nt
973 2561 1123 2618 rationem
1145 2563 1307 2635 facturam

290 2686 426 2727 mearam
447 2669 653 2737 dictorumque
673 2664 818 2732 reddam·
847 2664 876 2718 si
890 2667 1136 2738 perseveraverit,
1154 2668 1186 2723 in
1208 2671 1307 2727 vicem

290 2792 359 2831 eam
374 2774 473 2830 odero.

331 2876 438 2953 Atque
452 2875 531 2934 haec
546 2891 582 2931 eo
596 2869 786 2930 notabiliora
800 2873 898 2943 erant,
910 2869 995 2945 quod
1010 2869 1077 2947 ipse
1093 2870 1127 2929 in
1142 2876 1307 2952 appellan-
1320 2895 1360 2946 29

245 3003 274 3047 25
519 2977 569 3036 dis
593 2973 843 3050 venerandisque
868 2978 900 3031 et
925 2973 1059 3049 singulis
1084 2980 1118 3034 et
1141 2979 1306 3042 universis

291 3065 454 3124 ⁰⁰¹¹¹i⁶⁸5i⁰
519 3098 615 3158 prope
635 3081 811 3137 excesserat
827 3075 1037 3136 humanitatis
1052 3080 1188 3139 modum.
1233 3085 1307 3146 Dis

291 3140 381 3186 senate
520 3182 660 3245 sentiens
679 3181 713 3239 in
732 3179 819 3239 curia
838 3198 856 3238 a
873 3179 907 3248 Q.
925 3180 1067 3256 Haterio,
1086 3186 1240 3262 anoscas,
1259 3189 1307 3249 in.

291 3293 371 3371 quit,
385 3311 467 3368 roqo,
482 3290 598 3364 siquid
612 3289 757 3344 adversas
774 3293 801 3342 te
820 3285 943 3341 libertas
956 3288 1033 3342 siem
1049 3297 1171 3348 senator
1187 3294 1304 3353 dinero.

291 3399 333 3456 Et
348 3395 462 3455 deinde
478 3393 580 3453 omnis
599 3388 785 3464 adloquens:
809 3388 885 3445 Diai
905 3396 933 3444 et
953 3409 1034 3464 nnnc
1053 3399 1082 3448 et
1101 3411 1191 3468 saepe
1213 3400 1304 3472 alias,

246 3521 276 3564 30
293 3510 396 3577 patres
417 3499 585 3571 conscripti,
602 3496 712 3552 bonnm
727 3499 754 3549 et
774 3492 938 3549 salutarem
949 3496 1129 3569 principem,
1145 3516 1235 3572 qnam
1252 3522 1307 3561 aas

292 3615 376 3664 tanta
402 3613 428 3662 et
450 3612 514 3661 tam
536 3601 633 3658 libera
654 3602 801 3669 potestate
826 3598 1019 3670 instraaistis,
1045 3605 1167 3660 senatui
1190 3610 1307 3684 seruire

291 3712 395 3768 debere
425 3715 452 3766 et
483 3703 636 3763 universis
667 3699 783 3756 avions
816 3716 912 3772 saepe,
944 3707 970 3758 et
999 3703 1179 3778 pleramque
1211 3714 1307 3771 etiam
