2984 4359
310 269 374 333 120
411 281 442 333 c.
465 282 621 333 murum
640 282 870 344 armemur
889 284 940 333 nu
958 284 1050 334 vrrs
1069 284 1275 336 caussam

309 472 436 515 versum
455 454 489 514 id
506 455 589 515 inter
607 454 837 515 exsultationes
856 455 1178 533 succlamationesque
1197 456 1316 535 populi

310 560 469 619 Victorem
491 569 596 619 autem
618 579 652 619 se
674 559 741 637 ipse
763 561 1005 637 pronuntiabat,
1026 562 1149 637 quade
1169 581 1265 622 causa
1285 568 1319 622 et

310 665 476 743 praeconio
507 665 625 742 ubique
666 666 838 724 contendit.
895 667 942 723 Ac
975 686 1014 724 ne
1058 666 1148 725 cuius
1184 667 1318 727 alterius

310 771 541 831 hieronicarum
566 771 716 829 memoria
740 777 796 829 aut
816 771 986 846 vestigium
1009 778 1150 831 exstaret
1172 791 1318 849 usquam,

278 877 450 941 ssubverti
470 883 504 935 et
524 894 605 935 unco
624 875 709 935 trabi
728 875 872 952 abicique
892 875 926 934 iu
944 875 1080 936 latrinas
1098 877 1238 936 omnium
1257 883 1320 937 sta-

310 989 382 1042 tuas
409 987 442 1041 et
468 981 622 1058 imagines
654 980 830 1058 imperavit
872 981 1042 1056 aurigauit
1070 1000 1194 1060 quoque
1221 982 1320 1060 pluri·

244 1153 247 1160 .
310 1088 434 1161 fariam,
459 1086 618 1164 Olympiis
643 1105 717 1144 vero
745 1085 843 1145 etiam
866 1086 1089 1163 decemiugem,
1114 1088 1259 1165 quamvis
1284 1088 1318 1147 id

310 1193 413 1271 ipsum
436 1192 468 1251 iu
493 1210 565 1267 rege
594 1191 789 1250 Mithradate
809 1191 947 1250 carmine
975 1192 1111 1268 quodam
1135 1212 1193 1253 suo
1216 1211 1318 1270 repre-

309 1298 490 1370 hendisset,
512 1297 567 1356 sed
587 1315 737 1355 excussus
758 1315 851 1354 curru
872 1315 908 1355 ac
928 1316 1036 1357 rursus
1057 1297 1224 1375 repositus,
1245 1317 1317 1357 cum

266 1420 295 1464 ro
310 1403 478 1481 perdurare
498 1420 560 1460 uon
581 1406 697 1479 posset,
711 1400 838 1460 destitit
861 1407 935 1460 ante
956 1402 1138 1478 decursum,
1158 1421 1259 1479 neque
1279 1422 1318 1462 eo

311 1509 410 1567 setius
431 1513 597 1565 coronatus
617 1511 675 1565 est
718 1505 880 1565 Deoedens
901 1505 1015 1565 deinde
1035 1507 1229 1584 provinciam
1250 1508 1318 1566 uni-

311 1631 432 1672 versam
457 1610 603 1671 libertate
624 1609 765 1685 donavit,
787 1610 944 1687 simulque
965 1610 1085 1670 iudices
1106 1611 1236 1670 ciuitate
1257 1612 1319 1671 Ro

311 1736 403 1776 mana
416 1723 449 1775 et
463 1715 597 1794 pecunia
613 1715 733 1790 grandi.
776 1715 863 1785 Quae
880 1714 1032 1775 beneficia
1049 1734 1067 1774 e
1088 1716 1192 1775 medio
1213 1716 1319 1776 stadio

310 1821 516 1882 Isthmiorum
531 1820 583 1879 die
597 1838 655 1879 sna
668 1820 735 1897 ipse
750 1838 825 1879 voce
839 1820 1065 1897 pronuntiavit
1411 1815 1415 1824 “

267 1943 294 1986 rs
351 1927 509 1985 Reversus
533 1943 550 1985 e
578 1925 712 1985 Graecia
738 1924 915 2002 Neapolim,
943 1924 1028 2002 quod
1056 1926 1088 1985 in
1116 1944 1153 1985 ea
1179 1926 1317 2004 primum
1330 1935 1365 1985 25

311 2039 408 2092 artem
425 2030 608 2108 protulerat,
622 2029 704 2089 albis
718 2029 809 2107 equis
824 2030 958 2103 introiit,
973 2030 1105 2090 disiecta
1119 2037 1207 2108 parte
1225 2034 1316 2105 muri,

310 2178 357 2226 m·
367 2180 443 2236 entry
453 2189 484 2224 a·
536 2140 572 2194 ut
593 2153 660 2194 mos
680 2134 909 2193 hieronicarum
927 2140 992 2211 est3
1022 2134 1120 2195 simili
1141 2136 1233 2195 modo
1254 2136 1318 2194 An-

311 2264 444 2312 wnqueror
456 2252 510 2298 into
536 2240 626 2314 tium,
648 2239 722 2298 inde
743 2239 912 2314 Albanum,
934 2240 1008 2300 inde
1029 2240 1179 2316 Romam3
1208 2240 1317 2300 sedet

311 2327 413 2374 ’Μ
424 2326 498 2373 ω’
537 2346 670 2404 Romam
684 2363 721 2402 eo
737 2363 840 2420 curru,
856 2363 917 2421 quo
933 2345 1098 2421 Augustus
1113 2345 1189 2404 olim
1210 2345 1318 2405 trium·

266 2471 295 2515 uo
311 2451 472 2530 phaverat,
501 2455 533 2509 et
561 2450 594 2507 in
623 2448 744 2530 [veste]
776 2467 934 2526 purpurea
967 2449 1178 2527 distinctaque
1214 2450 1316 2510 stellis

312 2555 415 2617 aureis
429 2554 604 2632 chlamyde,
621 2573 827 2631 coronamque
842 2554 945 2632 capite
960 2573 1071 2631 gerens
1089 2554 1315 2633 Olympiacam,

311 2663 424 2722 dextra
440 2679 535 2720 mauu
552 2659 712 2737 Pythiam,
732 2665 900 2737 praeeunte
918 2678 1033 2738 pompa
1052 2666 1226 2720 ceterarum
1245 2680 1317 2720 cum

311 2766 425 2841 titulis,
453 2765 508 2825 ubi
538 2770 572 2825 et
602 2783 680 2841 quos
711 2783 774 2841 quo
800 2765 981 2825 cantionum
1010 2784 1111 2842 quove
1137 2765 1316 2825 fabularum

312 2877 495 2948 argumento
515 2869 661 2945 vicisset3
691 2869 893 2947 sequentibus
918 2888 1041 2929 currum
1067 2871 1228 2930 ovantium
1253 2870 1317 2930 ritu

266 2999 296 3045 25
311 2976 518 3057 plausoribus,
546 2974 762 3050 Augustianos
789 2974 969 3052 militesque
1000 2994 1034 3035 se
1063 2975 1218 3053 triumphi
1248 2975 1316 3036 eius

312 3081 556 3142 clamitantibus.
599 3079 730 3153 Dehinc,
755 3079 860 3140 diruto
885 3079 968 3140 Circi
996 3080 1129 3141 Maximi
1153 3099 1237 3157 arcu,
1262 3100 1316 3159 per

312 3186 482 3248 Velabrum
503 3186 669 3263 forumque
688 3184 847 3245 Palatium
869 3191 901 3246 et
921 3185 1103 3264 Apollinem
1123 3186 1213 3264 petit.
1267 3186 1316 3245 In·

312 3292 435 3352 cedenti
450 3291 568 3369 passim
583 3290 729 3350 victimae
743 3309 851 3351 caesae
867 3310 975 3370 sparso
988 3310 1044 3370 per
1058 3290 1126 3351 vias
1143 3290 1316 3351 identidem

312 3415 410 3473 eroco,
432 3397 635 3473 ingestaeque
655 3414 730 3456 aves
751 3414 787 3456 ac
808 3395 951 3457 lemnisci
971 3403 1004 3456 et
1023 3394 1163 3457 bellaria
1207 3397 1316 3457 Sacras
1386 3477 1389 3485 .

266 3521 297 3568 uo
312 3521 441 3564 coronas
462 3502 495 3561 iu
518 3500 670 3562 cubiculis
693 3501 810 3561 circum
833 3501 931 3561 lectos
956 3502 1070 3580 posuit,
1092 3501 1170 3562 item
1195 3508 1316 3563 statuas

313 3626 384 3669 suas
403 3607 616 3668 citharoedico
631 3605 743 3666 habitu
762 3606 839 3685 (qua
856 3612 931 3667 nota
951 3606 1046 3667 etiam
1067 3626 1230 3666 nummum
1251 3626 1316 3685 per-

311 3713 434 3795 cussit).
477 3713 524 3772 Ac
538 3716 610 3789 post
624 3711 700 3770 haec
720 3717 845 3771 tantum
862 3711 945 3771 afuit
964 3729 984 3772 a
1003 3711 1192 3771 remittendo
1213 3711 1316 3786 laxau-
