2984 4359
473 291 585 343 rmus
607 290 658 342 nr
710 290 891 342 mustus.
1077 333 1080 339 .
1143 278 1185 343 11

184 484 276 544 quem
294 471 332 526 ut
350 464 524 543 sapientiae
545 464 755 543 professorem
774 464 978 524 contubernio
995 464 1184 539 admoverat,

184 578 249 630 tum
277 570 415 630 maxime
443 575 591 648 expertus
619 574 676 645 est,
705 568 921 644 affirmantem,
950 588 1029 629 nave
1059 569 1186 647 provisa

182 677 331 753 gaudium
355 675 461 735 afferri
470 677 482 751 3‘
509 694 581 735 curn
605 674 734 752 quidem
758 674 859 749 illum,
884 673 993 735 durius
1017 681 1050 735 et
1076 682 1186 736 contra

182 782 343 860 praedicta
370 780 555 841 cadentibus
583 780 684 857 rebus,
713 784 750 839 ut
784 779 900 839 falsum
929 786 961 839 et
996 786 1183 840 secretorum

181 893 297 947 temere
319 886 486 961 conscium,
506 904 543 945 eo
563 885 633 963 ipso
653 891 820 959 momento,
842 884 915 944 dum
937 884 1092 963 spatiatur
1113 904 1216 960 unas

182 991 388 1070 praecipitare
409 992 443 1050 in
464 1010 548 1051 mare
569 990 767 1051 destinasset.

136 1106 169 1156 15
221 1099 356 1157 Romam
374 1115 527 1170 reversus,
542 1095 676 1155 deducto
693 1095 727 1154 in
746 1095 850 1154 forum
865 1094 932 1155 filio
947 1096 1060 1171 Druse,
1076 1094 1184 1156 statim

183 1221 199 1261 e
218 1202 342 1262 Carinis
364 1220 400 1261 ao
422 1201 613 1279 Pompeiana
628 1200 720 1259 domo
740 1199 902 1277 Esquilias
921 1199 953 1259 in
973 1200 1081 1260 hortos
1101 1200 1185 1260 Mae·

182 1307 361 1367 oenatianos
384 1305 622 1381 transmigravit
645 1311 810 1382 totumque
833 1323 866 1365 se
891 1304 931 1364 ad
955 1295 1092 1382 quietem
1116 1323 1185 1364 oon·

182 1413 264 1487 tulit,
279 1412 405 1489 privata
418 1411 510 1470 modo
525 1409 626 1470 officia
639 1410 747 1470 obiens
761 1426 797 1469 ao
811 1408 1006 1486 publicorum
1021 1428 1184 1469 munerum
1201 1423 1230 1470 10

182 1536 301 1596 expers.

221 1623 302 1683 Gaio
319 1628 351 1682 et
368 1622 467 1682 Lucio
485 1621 569 1681 intra
585 1620 757 1681 triennium
775 1618 945 1693 defunctis,
960 1620 1128 1698 adoptatur
1145 1620 1185 1681 ab

181 1730 326 1804 Augusto
337 1726 431 1787 simul
441 1745 511 1787 cum
524 1726 622 1786 fratre
632 1744 738 1786 eorum
750 1726 794 1783 M.
807 1724 958 1802 Agrippa,

181 1839 306 1893 coactus
329 1831 418 1910 prius
440 1831 508 1909 ipse
531 1831 753 1891 Germanicum
776 1830 885 1889 fratris
910 1830 959 1889 sui
985 1805 1155 1940 {2223ssst

181 1938 280 1997 filium
301 1938 458 2015 adoptare.
501 1936 756 2013 Neoquioquam
775 1941 886 2013 postea
903 1953 960 2013 pro
1201 1956 1229 2003 15

180 2049 268 2120 patre
280 2041 421 2102 familias
432 2040 497 2117 egit
507 2047 562 2102 aut
575 2039 634 2114 ius,
646 2040 729 2118 quod
744 2040 901 2114 amiserat,
913 2058 951 2099 ex
962 2038 1029 2098 ulla
1041 2044 1185 2116 partera

180 2148 285 2208 tinuit.
319 2148 403 2207 Nam
414 2165 515 2224 neque
526 2145 655 2206 donavit
666 2164 767 2223 neque
778 2144 970 2219 manumisit,
983 2162 1021 2202 ne
1033 2143 1185 2204 heredita-

181 2260 242 2312 tem
255 2252 382 2330 quidem
398 2257 452 2311 aut
462 2251 567 2327 legata
577 2250 717 2329 percepit
727 2249 794 2309 ulla
805 2249 897 2309 aliter
908 2268 1002 2327 quam
1012 2254 1048 2308 ut
1062 2248 1185 2326 peculio

182 2358 312 2418 referret
326 2362 462 2434 accepta.
505 2354 596 2415 Nihil
611 2373 698 2415 exeo
711 2360 851 2432 tempore
866 2353 1121 2432 praetermissum
1136 2358 1185 2413 est

181 2464 221 2523 ad
233 2463 432 2523 maiestatem
444 2462 512 2521 eius
522 2462 705 2537 augendam,
717 2479 754 2521 ac
768 2460 869 2519 multo
879 2459 980 2536 magis
994 2464 1066 2537 post
1080 2476 1183 2535 quam,
1200 2479 1231 2524 ω

182 2569 324 2646 Agrippa
345 2566 489 2627 abdicato
509 2571 604 2643 atque
626 2565 772 2643 seposito,
787 2570 906 2624 certum
927 2571 1004 2639 erat,
1019 2563 1075 2623 uni
1096 2582 1184 2641 spem

136 2684 169 2734 16
183 2672 387 2734 successionis
399 2671 593 2747 incumbere,
611 2670 687 2731 data
696 2688 804 2730 rursus
819 2675 959 2747 potestas
970 2668 1141 2730 tribunicia
1150 2668 1185 2727 in

182 2777 442 2856 quinquennium,
452 2776 614 2853 delegatus
625 2776 784 2854 pacandae
794 2775 982 2836 Germaniae
992 2780 1102 2849 status,
1111 2775 1186 2834 Par-

183 2882 308 2943 thorum
316 2882 423 2959 legati,
433 2882 590 2943 mandatis
600 2882 744 2957 Augusto
753 2882 871 2940 Romae
880 2879 1024 2955 redditis,
1034 2897 1106 2939 eum
1114 2897 1186 2956 quo

183 3008 242 3066 que
263 2988 349 3048 adire
370 2987 404 3046 in
425 2987 588 3065 provincia
606 2987 692 3047 iussi.
737 2985 799 3045 Sed
815 2985 962 3045 nuntiata
1201 3009 1231 3054 25

987 3064 1160 3124 Csmpslgnln

985 3140 1114 3198 illyricum

183 3093 306 3172 Illyrici
331 3093 517 3168 defectione,
540 3091 667 3152 transiit
691 3067 732 3150 ad
755 3109 862 3149 curam
887 3090 960 3149 novi

182 3198 266 3274 belli,
292 3199 385 3276 quod,
411 3196 631 3274 gravissimum
657 3196 796 3256 omnium
821 3201 961 3255 externo

183 3324 251 3364 rum
264 3303 419 3365 bellorum
433 3310 506 3381 post
516 3302 646 3377 Punioa,
657 3321 712 3380 per
726 3301 907 3379 quindecim
920 3300 1058 3377 legiones
1069 3318 1187 3378 parem·

184 3430 242 3488 que
256 3410 446 3471 auxiliorum
462 3409 582 3487 copiam
592 3408 730 3469 triennio
744 3408 850 3484 gessit,
862 3407 896 3466 in
910 3406 1031 3482 magnis
1046 3405 1186 3465 omnium

184 3535 284 3577 rerum
296 3516 536 3577 difficultatibus
548 3534 729 3593 summaque
741 3515 867 3590 frugum
878 3496 1001 3592 inopia
1029 3513 1072 3572 Et
1082 3528 1187 3588 quam·
1202 3530 1232 3576 30

185 3641 276 3698 quam
298 3621 424 3699 saepius
446 3627 651 3695 revocaretur,
672 3626 779 3680 tamen
801 3617 1022 3697 perseveravit,
1045 3622 1186 3675 metuens

184 3745 223 3786 ne
235 3726 360 3787 vicinus
378 3730 410 3785 et
425 3725 609 3803 praevalens
629 3724 730 3785 hostis
747 3725 881 3785 instaret
893 3722 978 3782 ultro
994 3719 1185 3781 cedentibus.
