2984 4359
509 263 622 315 araur
644 263 693 314 vr
746 263 853 315 unco.
1121 245 1186 314 135

183 454 313 496 annuam
338 420 573 514 repraesentare
594 434 686 512 fisc03
718 434 885 513 exegitque
909 434 1030 511 ingenti
1055 432 1185 496 fastidio

183 548 212 600 et
233 541 404 601 acerbitate
430 560 592 601 nummum
618 558 774 619 asperum,
796 545 957 616 argentum
978 538 1183 617 pustulatum,

181 665 287 706 aurum
315 646 356 706 ad
391 646 562 721 obrussam,
589 651 627 706 ut
659 645 802 724 plerique
833 663 958 704 omnem
985 644 1184 705 collationem

180 751 281 829 palam
309 758 500 826 recusarent,
534 769 688 812 consensu
721 750 910 827 flagitantes,
945 769 965 810 a
991 750 1183 814 delatoribus

180 857 282 934 potius
293 856 469 917 revocanda
482 856 623 934 praemia
632 874 846 935 quaecumque
860 855 958 934 cepis·
982 898 1106 947 mimi„
1198 871 1214 918 o

133 968 166 1019 45
179 968 255 1022 sent.
298 962 349 1020 Ex
370 980 511 1023 annonae
531 980 654 1039 quoque
672 962 803 1022 caritate
819 959 957 1021 lucranti
981 975 1173 1023 numnam

179 1067 318 1128 adcrevit
345 1066 483 1143 invidia,
515 1085 588 1127 nam
609 1072 642 1127 a
663 1067 745 1127 forte
770 1065 895 1142 accidit,
921 1071 957 1125 ut
982 1050 1040 1097 '¹⁶¹⁶

179 1173 210 1231 in
223 1172 352 1250 publica
365 1172 450 1231 fame
466 1171 685 1232 Alexandrina
701 1172 793 1231 navis
806 1170 1006 1231 nuntiaretur
1020 1169 1182 1248 pulverem

178 1277 384 1338 luctatoribus
398 1276 510 1338 aulicis
524 1277 697 1337 advexisse.

215 1383 318 1453 Quare
332 1382 472 1442 omnium
486 1382 521 1441 in
535 1400 568 1443 se
582 1381 656 1442 odio
669 1381 811 1458 incitato,
826 1381 907 1441 nihil
923 1381 1181 1442 contumeliarum
1198 1393 1229 1439 ro

177 1488 278 1549 defuit
293 1488 371 1565 quin
386 1487 513 1548 subiret.
558 1488 687 1547 Statuas
701 1487 770 1548 eius
785 1487 933 1547 avertice
947 1486 1046 1547 cirrus
1061 1487 1183 1565 apposi-

175 1600 226 1654 tus
241 1599 292 1653 est
307 1612 379 1653 oum
392 1592 599 1671 inscriptione
615 1589 743 1666 Graeca,
759 1611 838 1653 abac
856 1595 976 1652 demum
993 1611 1092 1670 aqcaa
1111 1612 1181 1667 esse,

175 1708 201 1758 et
224 1702 358 1759 traderet
384 1700 527 1757 laadan!
580 1696 723 1758 Alterius
750 1696 832 1757 collo
859 1715 1007 1775 ascopera
1033 1697 1181 1773 deligata,

175 1803 334 1881 simulque
345 1802 470 1863 titulus:
488 1804 557 1880 Epo
570 1805 645 1878 quid
653 1803 768 1878 potui?
783 1804 835 1861 sed
849 1810 882 1861 tu
897 1804 1022 1862 culleum
1033 1807 1179 1863 meruisti.

172 1908 360 1986 Ascriptum
389 1914 422 1968 et
445 1906 609 1983 columnis,
631 1910 695 1967 iam
722 1907 827 1967 Gallos
848 1927 916 1967 eam
934 1911 1084 1968 contundo
1108 1913 1182 1968 caci
1198 1916 1227 1962 15

173 2024 259 2073 tusce.
312 2013 380 2073 Iam
406 2012 551 2072 noctibus
573 2010 676 2088 iurgia
698 2030 771 2072 cum
795 2011 895 2072 servis
923 2011 1065 2091 plerique
1089 2013 1182 2075 simu·

173 2119 286 2193 lantes,
302 2118 411 2178 crebro
425 2119 580 2179 Vindicem
593 2116 772 2196 poscebant.

126 2232 161 2283 46
213 2223 404 2284 Terrebatur
422 2222 462 2282 ad
480 2222 539 2282 hoc
558 2221 758 2283 evidentibus
773 2222 928 2300 portentis
944 2224 1135 2285 somniorum
1149 2231 1181 2285 et

174 2328 384 2407 auspiciorum
400 2332 433 2387 et
446 2327 595 2402 ominum,
607 2345 678 2387 cum
692 2327 852 2388 veteribus
866 2334 935 2388 tum
949 2329 1048 2390 novis.
1083 2330 1182 2390 Num·

174 2452 267 2512 quam
287 2439 381 2492 antea
394 2433 550 2493 somniare
565 2431 687 2507 solitus,
705 2432 809 2492 occisa
827 2432 953 2492 demum
979 2475 1070 2523 omens
1079 2476 1106 2524 of
1195 2446 1226 2492 ao

174 2544 274 2599 matre
295 2537 379 2598 vidit
393 2557 448 2616 per
462 2537 610 2614 quietem,
625 2555 737 2597 navem
754 2537 815 2598 sibi
832 2539 953 2613 regenti
979 2552 1148 2612 apparentur

174 2649 333 2704 extortum
345 2642 599 2719 gubernaculum,
611 2643 759 2721 trahique
771 2662 804 2703 se
815 2643 855 2703 ab
865 2643 954 2704 Octa·
979 2626 1092 2673 ‘um'

174 2749 226 2809 via
254 2767 350 2808 uxore
375 2748 409 2807 in
433 2748 607 2809 artissimas
631 2748 778 2809 tenebras
802 2754 835 2808 et
859 2748 950 2808 modo
978 2749 1179 2826 pinnatarum

174 2854 376 2915 formicarum
414 2853 617 2914 multitudine
656 2854 787 2933 oppleri,
823 2854 916 2914 modo
950 2873 969 2913 a
1003 2853 1178 2914 simulacris

174 2960 315 3036 gentium
343 2959 383 3019 ad
417 2959 549 3037 Pompei
579 2959 739 3019 theatrum
775 2959 989 3019 dedicatarum
1021 2959 1179 3019 circumiri
1194 2975 1223 3021 au

173 3061 334 3143 arcerique
359 3083 542 3143 progressu,
571 3071 778 3139 asturconem,
803 3083 865 3142 quo
887 3063 1023 3124 maxime
1046 3051 1179 3125 laetaba-

172 3177 232 3245 tur,
256 3171 428 3249 posteriore
452 3168 590 3247 corporis
613 3175 702 3247 parte
726 3169 760 3228 in
786 3169 895 3230 simiae
920 3170 1054 3246 speciem
1079 3175 1178 3231 trans·

173 3275 350 3352 figuratum,
385 3294 421 3335 aa
455 3279 580 3334 tantum
612 3274 715 3353 capite
750 3274 873 3350 integro
896 3274 1051 3336 'hinnitus
1086 3276 1178 3336 edere

173 3399 309 3441 canoros.
343 3380 392 3439 De
403 3378 574 3451 Mausoleo,
585 3384 696 3456 sponte
707 3379 829 3439 foribus
840 3379 1016 3457 patefactis,
1029 3381 1178 3442 exaudita

173 3505 233 3546 vox
246 3491 297 3546 est
310 3483 437 3545 nomine
452 3503 523 3543 eum
534 3483 655 3544 cientis.
698 3483 771 3543 Kal,
788 3485 854 3544 Ian.
867 3485 1011 3545 exornati
1028 3487 1124 3547 Lares
1144 3487 1177 3546 in
1193 3497 1223 3543 ao

173 3591 240 3669 ipso
261 3588 410 3651 sacrificii
431 3594 584 3666 apparatu
606 3588 825 3664 conciderunt3
856 3588 1033 3668 auspicanti
1059 3592 1177 3669 Sporus

173 3696 299 3756 anulum
329 3693 453 3752 muneri
481 3691 606 3766 obtulit,
635 3692 724 3753 cuius
753 3711 892 3768 gemmae
921 3694 1083 3774 sculptura
1110 3702 1177 3757 erat
