2984 4359
291 237 333 302 24
366 248 399 302 c.
422 247 579 301 scnium
600 248 828 314 manuum
850 249 901 301 nn
924 250 1016 302 uma
1038 250 1243 304 emensum

290 426 343 482 tus
367 420 481 497 insula,
507 421 591 499 quod
613 440 677 483 uno
703 440 863 500 parvoque
891 421 984 484 litore
1011 423 1162 500 adiretur,
1188 432 1298 504 saepta

290 526 430 606 undique
450 527 628 605 praeruptis
648 526 820 587 immensae
839 526 1019 589 altitudinis
1036 529 1168 607 rupibus
1184 536 1217 590 et
1231 551 1299 610 pro

291 634 391 694 fundo
412 632 501 692 mari.
545 632 720 709 Statimque
744 639 911 693 revocante
935 633 1065 695 assidua
1087 637 1299 699 obtestatione

291 740 408 820 populo
429 746 557 819 propter
577 740 706 814 cladem,
722 757 786 817 qua
805 740 890 817 apud
911 740 1048 802 Fidenas
1070 762 1167 820 supra
1182 743 1299 820 viginti

260 846 454 906 thominum
479 845 569 906 milia
592 844 780 922 gladiatorio
801 864 930 906 munere
954 846 1182 925 amphitheatri
1208 848 1301 908 ruina

292 952 460 1031 perierant,
480 950 609 1012 transiit
633 950 668 1010 in
690 949 905 1011 continentem
927 957 1181 1030 potestatemque
1203 953 1301 1014 omni-

291 1057 350 1117 bus
364 1056 502 1118 adeundi
519 1056 568 1116 sui
587 1054 681 1116 fecit:
703 1059 794 1116 tanto
811 1056 921 1133 magis,
937 1056 1022 1134 quod
1040 1058 1117 1117 urbe
1135 1059 1300 1134 egrediens

291 1181 331 1222 ne
350 1163 405 1240 qui
424 1180 457 1223 se
478 1160 696 1240 interpellaret
716 1159 859 1221 edixerat
876 1179 913 1221 ac
932 1166 1000 1222 toto
1018 1162 1132 1222 itinere
1151 1163 1301 1225 adeuntis

292 1269 500 1329 submoverat.

247 1387 277 1432 10
332 1375 506 1449 Regressus
521 1372 555 1432 iu
565 1372 711 1448 insulam,
723 1373 769 1432 rei
783 1370 927 1450 publicae
941 1372 1069 1450 quidem
1080 1391 1188 1434 curam
1199 1393 1301 1453 usque
1315 1384 1350 1434 41

292 1479 370 1540 adeo
394 1478 517 1552 abiecit,
538 1483 575 1537 ut
598 1482 709 1557 postea
730 1496 795 1536 non
818 1476 962 1538 decurias
982 1477 1126 1554 equitum
1150 1497 1301 1557 umquam

293 1582 458 1662 supplerit,
473 1601 536 1642 non
555 1582 698 1642 tribunos
719 1580 859 1640 militum
880 1582 1129 1659 praefectosque,
1144 1602 1209 1642 non
1234 1602 1303 1662 pro

519 1687 693 1748 vinciacum
708 1685 869 1764 praesides
886 1684 968 1746 ullos
990 1687 1170 1763 mutaverit,
1186 1688 1302 1766 Hispa·

519 1791 605 1851 niam
635 1796 667 1851 et
702 1790 826 1869 Syriam
860 1809 916 1868 per
945 1789 1066 1868 aliquot
1099 1810 1198 1851 annos
1233 1793 1301 1853 sine

249 1910 278 1955 15
293 1898 509 1962 consularibus
528 1896 642 1972 legatis
661 1894 816 1969 habuerit,
828 1895 1011 1955 Armeniam
1030 1914 1049 1955 a
1067 1896 1198 1957 Parthis
1216 1916 1303 1957 occu-

294 2006 372 2084 pari,
388 2002 540 2064 Moesiam
562 2020 581 2062 a
601 2000 696 2062 Dacis
718 1999 941 2077 Sarmatisque,
957 1999 1079 2060 Gallias
1095 2020 1115 2060 a
1133 2002 1301 2063 Germanis

294 2110 413 2171 vastari
433 2107 615 2184 neglexerit,
642 2124 755 2182 magno
777 2105 926 2165 dedecore
954 2104 1080 2183 imperii
1100 2124 1159 2166 nec
1181 2107 1302 2167 minore

293 2214 483 2276 discrimine.
526 2212 672 2273 Ceterum
693 2209 805 2270 secreti
825 2207 987 2269 licentiam
1005 2215 1140 2270 nanctus
1159 2216 1192 2271 et
1210 2213 1302 2288 quasi
1316 2221 1353 2273 42

295 2319 435 2381 civitatis
449 2317 549 2379 oculis
563 2321 710 2390 remotus,
721 2320 835 2374 cuncta
849 2313 944 2373 simul
955 2313 1035 2373 vitia
1049 2314 1131 2375 male
1143 2316 1197 2375 diu
1211 2316 1303 2377 dissi-

250 2432 280 2477 ae
521 2421 641 2481 mulata
655 2420 783 2480 tandem
798 2419 953 2496 profudit:
976 2419 1015 2478 de
1030 2419 1145 2496 quibus
1163 2420 1303 2498 cingilla

294 2505 459 2627 {¹⁰:⁶¹⁸'i1'''
521 2526 580 2586 tim
594 2527 633 2586 ab
645 2523 774 2585 exordio
783 2523 927 2583 referam.
963 2525 1003 2582 In
1012 2523 1123 2584 castris
1134 2525 1196 2584 tiro
1205 2524 1302 2585 etiam

521 2637 589 2691 tum
617 2635 745 2708 propter
775 2627 905 2688 nimiam
930 2628 998 2687 vini
1028 2628 1217 2689 aviditatem
1245 2649 1303 2709 pro

296 2736 422 2798 Tiberio
431 2738 581 2810 Bibertus,
590 2754 647 2813 pro
657 2733 789 2795 Claudio
801 2733 935 2807 Ouidius,
947 2751 1004 2811 pro
1014 2733 1141 2792 Nerone
1153 2716 1242 2795 Mero
1253 2755 1304 2795 vo

296 2842 432 2903 cabatur.
475 2841 589 2900 Postea
603 2838 747 2917 princeps
762 2837 796 2896 in
811 2837 881 2915 ipsa
893 2837 1090 2915 publicorum
1104 2857 1229 2897 morum
1240 2858 1304 2899 cor·

250 2960 280 3006 ao
296 2948 434 3007 rectione
460 2965 530 3006 cum
563 2944 736 3022 Pomponio
768 2942 881 3002 Flacco
908 2948 941 3002 et
968 2943 1004 3002 L.
1033 2942 1149 3002 Pisone
1177 2951 1300 3005 noctem

296 3052 541 3128 continuumque
560 3049 690 3109 biduum
706 3048 862 3126 epulando
878 3047 1077 3124 potandoque
1096 3050 1302 3127 consumpsit,

293 1753 403 1812 capreae

296 3176 427 3236 quorum
452 3155 544 3216 alteri
573 3154 696 3233 Syriam
723 3151 927 3230 provinciam,
952 3149 1045 3210 alteri
1068 3151 1302 3229 praefecturam

295 3261 382 3323 urbis
404 3261 570 3323 confestim
592 3258 716 3332 detulit,
728 3255 892 3316 codicillis
913 3274 1037 3332 quoque
1056 3255 1303 3318 iucundissimos

297 3374 329 3429 et
356 3366 494 3428 omnium
522 3365 669 3424 horarum
697 3361 812 3421 amicos
841 3360 1011 3438 professus,
1065 3360 1169 3419 Sestio
1198 3362 1302 3439 Gallo,

251 3489 281 3534 30
296 3472 466 3533 libidinoso
480 3472 515 3530 ac
529 3468 659 3547 prodigo
674 3466 751 3540 seni,
764 3463 838 3524 olim
853 3464 893 3524 ab
904 3466 1048 3538 Augusto
1062 3462 1238 3538 ignominia
1252 3486 1305 3527 no-

296 3583 364 3638 tato
384 3583 417 3637 et
440 3594 515 3636 ase
539 3578 612 3633 ante
634 3588 750 3648 paucos
773 3568 840 3627 dies
863 3567 947 3645 apud
970 3571 1112 3626 senatum
1135 3567 1303 3649 increpito,

296 3697 404 3743 cenam
424 3698 462 3739 ea
481 3678 550 3753 lege
568 3673 719 3748 condixit,
734 3690 775 3731 ne
791 3670 870 3750 quid
887 3689 927 3730 ex
946 3670 1171 3739 consuetudine
1193 3673 1305 3735 immu-
