<?xml version="1.0" encoding="UTF-8"?>
<!DOCTYPE html PUBLIC "-//W3C//DTD XHTML 1.0 Transitional//EN"
    "http://www.w3.org/TR/xhtml1/DTD/xhtml1-transitional.dtd">
<html xmlns="http://www.w3.org/1999/xhtml" xml:lang="en" lang="en">
 <head>
  <title>
</title>
<meta http-equiv="Content-Type" content="text/html;charset=utf-8" />
  <meta name='ocr-system' content='tesseract 3.04.00' />
  <meta name='ocr-capabilities' content='ocr_page ocr_carea ocr_par ocr_line ocrx_word'/>
</head>
<body>
  <div class='ocr_page' id='page_1' title='image "./gaisuetonitranq00unkngoog_0138.png"; bbox 0 0 2984 4359; ppageno 0'>
   <div class='ocr_carea' id='block_1_1' title="bbox 502 848 1116 931">
    <p class='ocr_par' dir='ltr' id='par_1_1' title="bbox 502 848 1116 931">
     <span class='ocr_line' id='line_1_1' title="bbox 502 848 1116 931; baseline 0.008 -18"><span class='ocrx_word' id='word_1_1' title='bbox 502 848 541 913; x_wconf 86' lang='lat' dir='ltr'>C.</span> <span class='ocrx_word' id='word_1_2' title='bbox 576 849 785 915; x_wconf 83' lang='lat' dir='ltr'>SUETONI</span> <span class='ocrx_word' id='word_1_3' title='bbox 817 851 1116 931; x_wconf 85' lang='lat' dir='ltr'><strong>TRANQUILLI</strong></span> 
     </span>
    </p>
   </div>
   <div class='ocr_carea' id='block_1_2' title="bbox 457 1034 1155 1289">
    <p class='ocr_par' dir='ltr' id='par_1_2' title="bbox 457 1034 1155 1289">
     <span class='ocr_line' id='line_1_2' title="bbox 457 1034 1155 1119; baseline 0.004 -3"><span class='ocrx_word' id='word_1_4' title='bbox 457 1034 543 1116; x_wconf 86' lang='lat' dir='ltr'>DE</span> <span class='ocrx_word' id='word_1_5' title='bbox 585 1034 742 1115; x_wconf 84' lang='lat' dir='ltr'><strong>VITA</strong></span> <span class='ocrx_word' id='word_1_6' title='bbox 784 1034 1155 1119; x_wconf 83' lang='lat' dir='ltr'><strong>CAESARUM</strong></span> 
     </span>
     <span class='ocr_line' id='line_1_3' title="bbox 699 1228 916 1289; baseline 0.009 -3"><span class='ocrx_word' id='word_1_7' title='bbox 699 1228 832 1287; x_wconf 80' lang='lat' dir='ltr'>urana</span> <span class='ocrx_word' id='word_1_8' title='bbox 860 1228 916 1289; x_wconf 78' lang='lat' dir='ltr'>rr.</span> 
     </span>
    </p>
   </div>
   <div class='ocr_carea' id='block_1_3' title="bbox 730 1404 881 1471">
    <p class='ocr_par' dir='ltr' id='par_1_3' title="bbox 730 1404 881 1471">
     <span class='ocr_line' id='line_1_4' title="bbox 730 1404 881 1471; baseline 0 -3"><span class='ocrx_word' id='word_1_9' title='bbox 730 1404 881 1471; x_wconf 86' lang='lat' dir='ltr'>NERO.</span> 
     </span>
    </p>
   </div>
   <div class='ocr_carea' id='block_1_4' title="bbox 226 1703 1357 3674">
    <p class='ocr_par' dir='ltr' id='par_1_4' title="bbox 258 1703 1357 2204">
     <span class='ocr_line' id='line_1_5' title="bbox 258 1703 1357 1784; baseline 0.002 -13"><span class='ocrx_word' id='word_1_10' title='bbox 258 1726 273 1771; x_wconf 76' lang='lat' dir='ltr'>a</span> <span class='ocrx_word' id='word_1_11' title='bbox 343 1707 394 1766; x_wconf 85' lang='lat' dir='ltr'>Ex</span> <span class='ocrx_word' id='word_1_12' title='bbox 419 1712 511 1782; x_wconf 87' lang='lat' dir='ltr'>gente</span> <span class='ocrx_word' id='word_1_13' title='bbox 533 1703 675 1765; x_wconf 88' lang='lat' dir='ltr'>Domitia</span> <span class='ocrx_word' id='word_1_14' title='bbox 695 1704 777 1763; x_wconf 89' lang='lat' dir='ltr'>dnae</span> <span class='ocrx_word' id='word_1_15' title='bbox 797 1705 938 1765; x_wconf 82' lang='lat' dir='ltr'>familiae</span> <span class='ocrx_word' id='word_1_16' title='bbox 958 1706 1147 1784; x_wconf 87' lang='lat' dir='ltr'>claruerunt,</span> <span class='ocrx_word' id='word_1_17' title='bbox 1170 1709 1312 1770; x_wconf 79' lang='lat' dir='ltr'>Calvino</span> <span class='ocrx_word' id='word_1_18' title='bbox 1343 1724 1357 1773; x_wconf 93' lang='lat'>1</span> 
     </span>
     <span class='ocr_line' id='line_1_6' title="bbox 303 1808 1311 1891; baseline 0.004 -20"><span class='ocrx_word' id='word_1_19' title='bbox 303 1831 373 1871; x_wconf 89' lang='lat' dir='ltr'>rum</span> <span class='ocrx_word' id='word_1_20' title='bbox 407 1816 440 1870; x_wconf 89' lang='lat' dir='ltr'>et</span> <span class='ocrx_word' id='word_1_21' title='bbox 466 1808 732 1870; x_wconf 83' lang='lat' dir='ltr'>Aenobarburum.</span> <span class='ocrx_word' id='word_1_22' title='bbox 784 1810 962 1870; x_wconf 89' lang='lat' dir='ltr'>Aenobarbi</span> <span class='ocrx_word' id='word_1_23' title='bbox 992 1818 1151 1873; x_wconf 78' lang='lat' dir='ltr'>auctorem</span> <span class='ocrx_word' id='word_1_24' title='bbox 1181 1815 1311 1891; x_wconf 88' lang='lat' dir='ltr'>originis</span> 
     </span>
     <span class='ocr_line' id='line_1_7' title="bbox 302 1914 1311 2017; baseline 0.007 -45"><span class='ocrx_word' id='word_1_25' title='bbox 302 1956 459 2017; x_wconf 51' lang='lat' dir='ltr'>mmm</span> <span class='ocrx_word' id='word_1_26' title='bbox 531 1915 669 1991; x_wconf 76' lang='lat' dir='ltr'>itemque</span> <span class='ocrx_word' id='word_1_27' title='bbox 703 1914 896 1989; x_wconf 84' lang='lat' dir='ltr'>cognominis</span> <span class='ocrx_word' id='word_1_28' title='bbox 927 1914 1045 1976; x_wconf 92' lang='lat' dir='ltr'>habent</span> <span class='ocrx_word' id='word_1_29' title='bbox 1072 1917 1107 1977; x_wconf 86' lang='lat' dir='ltr'>L.</span> <span class='ocrx_word' id='word_1_30' title='bbox 1136 1918 1311 1979; x_wconf 90' lang='lat' dir='ltr'>Domitium</span> 
     </span>
     <span class='ocr_line' id='line_1_8' title="bbox 302 2018 1311 2099; baseline 0.001 -18"><span class='ocrx_word' id='word_1_31' title='bbox 302 2032 329 2081; x_wconf 81' lang='lat' dir='ltr'>of</span> <span class='ocrx_word' id='word_1_32' title='bbox 343 2034 389 2081; x_wconf 78' lang='lat' dir='ltr'>tte</span> <span class='ocrx_word' id='word_1_33' title='bbox 531 2018 582 2078; x_wconf 88' lang='lat' dir='ltr'>cui</span> <span class='ocrx_word' id='word_1_34' title='bbox 596 2037 667 2078; x_wconf 89' lang='lat' dir='ltr'>rure</span> <span class='ocrx_word' id='word_1_35' title='bbox 682 2018 841 2094; x_wconf 89' lang='lat' dir='ltr'>quondam</span> <span class='ocrx_word' id='word_1_36' title='bbox 855 2020 1027 2080; x_wconf 90' lang='lat' dir='ltr'>revertenti</span> <span class='ocrx_word' id='word_1_37' title='bbox 1046 2020 1175 2082; x_wconf 86' lang='lat' dir='ltr'>iuvenes</span> <span class='ocrx_word' id='word_1_38' title='bbox 1194 2023 1311 2099; x_wconf 78' lang='lat' dir='ltr'>gemini</span> 
     </span>
     <span class='ocr_line' id='line_1_9' title="bbox 302 2106 1312 2204; baseline 0.006 -21"><span class='ocrx_word' id='word_1_39' title='bbox 302 2106 442 2155; x_wconf 56' lang='lat' dir='ltr'>*mmm</span> <span class='ocrx_word' id='word_1_40' title='bbox 531 2123 710 2199; x_wconf 73' lang='lat' dir='ltr'>augustiore</span> <span class='ocrx_word' id='word_1_41' title='bbox 729 2123 833 2183; x_wconf 82' lang='lat' dir='ltr'>forma</span> <span class='ocrx_word' id='word_1_42' title='bbox 849 2142 888 2183; x_wconf 86' lang='lat' dir='ltr'>cx</span> <span class='ocrx_word' id='word_1_43' title='bbox 909 2143 1039 2186; x_wconf 91' lang='lat' dir='ltr'>occursu</span> <span class='ocrx_word' id='word_1_44' title='bbox 1059 2125 1233 2204; x_wconf 84' lang='lat' dir='ltr'>imperasse</span> <span class='ocrx_word' id='word_1_45' title='bbox 1252 2133 1312 2189; x_wconf 84' lang='lat' dir='ltr'>tra</span> 
     </span>
    </p>

    <p class='ocr_par' dir='ltr' id='par_1_5' title="bbox 259 2209 1312 2409">
     <span class='ocr_line' id='line_1_10' title="bbox 259 2209 1312 2311; baseline 0.001 -19"><span class='ocrx_word' id='word_1_46' title='bbox 259 2251 288 2297; x_wconf 88' lang='lat'>10</span> <span class='ocrx_word' id='word_1_47' title='bbox 303 2232 430 2305; x_wconf 92' lang='lat' dir='ltr'>duntur,</span> <span class='ocrx_word' id='word_1_48' title='bbox 456 2229 618 2289; x_wconf 79' lang='lat' dir='ltr'>nuntiaret</span> <span class='ocrx_word' id='word_1_49' title='bbox 643 2227 768 2288; x_wconf 86' lang='lat' dir='ltr'>senatui</span> <span class='ocrx_word' id='word_1_50' title='bbox 791 2246 827 2288; x_wconf 86' lang='lat' dir='ltr'>ac</span> <span class='ocrx_word' id='word_1_51' title='bbox 851 2228 967 2307; x_wconf 89' lang='lat' dir='ltr'>populo</span> <span class='ocrx_word' id='word_1_52' title='bbox 992 2209 1227 2307; x_wconf 62' lang='lat' dir='ltr'>victoriando</span> <span class='ocrx_word' id='word_1_53' title='bbox 1250 2253 1312 2311; x_wconf 90' lang='lat' dir='ltr'>qua</span> 
     </span>
     <span class='ocr_line' id='line_1_11' title="bbox 302 2333 1311 2409; baseline 0.001 -12"><span class='ocrx_word' id='word_1_54' title='bbox 302 2338 457 2397; x_wconf 89' lang='lat' dir='ltr'>incertum</span> <span class='ocrx_word' id='word_1_55' title='bbox 482 2333 585 2394; x_wconf 90' lang='lat' dir='ltr'>adhuc</span> <span class='ocrx_word' id='word_1_56' title='bbox 610 2339 694 2408; x_wconf 90' lang='lat' dir='ltr'>erat;</span> <span class='ocrx_word' id='word_1_57' title='bbox 724 2340 818 2409; x_wconf 91' lang='lat' dir='ltr'>atque</span> <span class='ocrx_word' id='word_1_58' title='bbox 846 2333 880 2392; x_wconf 91' lang='lat' dir='ltr'>in</span> <span class='ocrx_word' id='word_1_59' title='bbox 907 2334 1002 2394; x_wconf 89' lang='lat' dir='ltr'>fidem</span> <span class='ocrx_word' id='word_1_60' title='bbox 1029 2334 1206 2398; x_wconf 87' lang='lat' dir='ltr'>maiestatis</span> <span class='ocrx_word' id='word_1_61' title='bbox 1234 2339 1311 2398; x_wconf 87' lang='lat' dir='ltr'>adeo</span> 
     </span>
    </p>

    <p class='ocr_par' dir='ltr' id='par_1_6' title="bbox 226 2437 1310 2728">
     <span class='ocr_line' id='line_1_12' title="bbox 226 2437 1310 2521; baseline 0.001 -20"><span class='ocrx_word' id='word_1_62' title='bbox 226 2455 229 2461; x_wconf 91' lang='grc'><strong>’</strong></span> <span class='ocrx_word' id='word_1_63' title='bbox 253 2447 255 2454; x_wconf 81' lang='lat'><em>&#39;</em></span> <span class='ocrx_word' id='word_1_64' title='bbox 302 2439 507 2521; x_wconf 87' lang='lat' dir='ltr'>permulsisse</span> <span class='ocrx_word' id='word_1_65' title='bbox 521 2437 630 2513; x_wconf 89' lang='lat' dir='ltr'>malas,</span> <span class='ocrx_word' id='word_1_66' title='bbox 645 2443 712 2497; x_wconf 89' lang='lat' dir='ltr'>ute</span> <span class='ocrx_word' id='word_1_67' title='bbox 729 2437 819 2513; x_wconf 90' lang='lat' dir='ltr'>nigro</span> <span class='ocrx_word' id='word_1_68' title='bbox 835 2438 966 2497; x_wconf 91' lang='lat' dir='ltr'>rutilum</span> <span class='ocrx_word' id='word_1_69' title='bbox 984 2440 1111 2519; x_wconf 89' lang='lat' dir='ltr'>aerique</span> <span class='ocrx_word' id='word_1_70' title='bbox 1132 2442 1310 2503; x_wconf 83' lang='lat' dir='ltr'>adsimilem</span> 
     </span>
     <span class='ocr_line' id='line_1_13' title="bbox 302 2542 1310 2626; baseline 0 -19"><span class='ocrx_word' id='word_1_71' title='bbox 302 2546 453 2626; x_wconf 84' lang='lat' dir='ltr'>capillum</span> <span class='ocrx_word' id='word_1_72' title='bbox 468 2543 643 2603; x_wconf 86' lang='lat' dir='ltr'>redderent.</span> <span class='ocrx_word' id='word_1_73' title='bbox 686 2542 775 2612; x_wconf 82' lang='lat' dir='ltr'>Quod</span> <span class='ocrx_word' id='word_1_74' title='bbox 790 2542 913 2618; x_wconf 81' lang='lat' dir='ltr'>insigne</span> <span class='ocrx_word' id='word_1_75' title='bbox 930 2544 1048 2603; x_wconf 86' lang='lat' dir='ltr'>mansit</span> <span class='ocrx_word' id='word_1_76' title='bbox 1067 2552 1100 2605; x_wconf 90' lang='lat' dir='ltr'>et</span> <span class='ocrx_word' id='word_1_77' title='bbox 1120 2545 1154 2605; x_wconf 91' lang='lat' dir='ltr'>in</span> <span class='ocrx_word' id='word_1_78' title='bbox 1174 2548 1310 2624; x_wconf 85' lang='lat' dir='ltr'>posteris</span> 
     </span>
     <span class='ocr_line' id='line_1_14' title="bbox 301 2646 1309 2728; baseline -0.001 -14"><span class='ocrx_word' id='word_1_79' title='bbox 301 2654 379 2728; x_wconf 84' lang='lat' dir='ltr'>cina,</span> <span class='ocrx_word' id='word_1_80' title='bbox 395 2669 430 2712; x_wconf 88' lang='lat' dir='ltr'>ac</span> <span class='ocrx_word' id='word_1_81' title='bbox 445 2667 558 2725; x_wconf 87' lang='lat' dir='ltr'>magna</span> <span class='ocrx_word' id='word_1_82' title='bbox 571 2667 645 2726; x_wconf 87' lang='lat' dir='ltr'>pars</span> <span class='ocrx_word' id='word_1_83' title='bbox 660 2646 758 2706; x_wconf 88' lang='lat' dir='ltr'>mtila</span> <span class='ocrx_word' id='word_1_84' title='bbox 772 2647 869 2707; x_wconf 91' lang='lat' dir='ltr'>barba</span> <span class='ocrx_word' id='word_1_85' title='bbox 887 2648 1025 2708; x_wconf 91' lang='lat' dir='ltr'>fuerunt.</span> <span class='ocrx_word' id='word_1_86' title='bbox 1068 2651 1183 2710; x_wconf 89' lang='lat' dir='ltr'>Functi</span> <span class='ocrx_word' id='word_1_87' title='bbox 1205 2661 1309 2713; x_wconf 81' lang='lat' dir='ltr'>autern</span> 
     </span>
    </p>

    <p class='ocr_par' dir='ltr' id='par_1_7' title="bbox 257 2751 1310 3254">
     <span class='ocr_line' id='line_1_15' title="bbox 257 2751 1310 2834; baseline -0.001 -15"><span class='ocrx_word' id='word_1_88' title='bbox 257 2778 285 2824; x_wconf 74' lang='lat'>15</span> <span class='ocrx_word' id='word_1_89' title='bbox 301 2756 518 2819; x_wconf 88' lang='lat' dir='ltr'>consulatibus</span> <span class='ocrx_word' id='word_1_90' title='bbox 548 2757 677 2830; x_wconf 89' lang='lat' dir='ltr'>septem,</span> <span class='ocrx_word' id='word_1_91' title='bbox 705 2751 867 2829; x_wconf 87' lang='lat' dir='ltr'>triumpho</span> <span class='ocrx_word' id='word_1_92' title='bbox 894 2771 1086 2832; x_wconf 86' lang='lat' dir='ltr'>censuraque</span> <span class='ocrx_word' id='word_1_93' title='bbox 1119 2755 1250 2834; x_wconf 81' lang='lat' dir='ltr'>duplici,</span> <span class='ocrx_word' id='word_1_94' title='bbox 1278 2764 1310 2818; x_wconf 89' lang='lat' dir='ltr'>et</span> 
     </span>
     <span class='ocr_line' id='line_1_16' title="bbox 301 2855 1309 2940; baseline -0.002 -16"><span class='ocrx_word' id='word_1_95' title='bbox 301 2865 385 2924; x_wconf 84' lang='lat' dir='ltr'>inter</span> <span class='ocrx_word' id='word_1_96' title='bbox 405 2859 554 2940; x_wconf 90' lang='lat' dir='ltr'>patricios</span> <span class='ocrx_word' id='word_1_97' title='bbox 580 2855 695 2916; x_wconf 79' lang='lat' dir='ltr'>adlecti</span> <span class='ocrx_word' id='word_1_98' title='bbox 717 2865 996 2934; x_wconf 85' lang='lat' dir='ltr'>perseveraverunt</span> <span class='ocrx_word' id='word_1_99' title='bbox 1016 2877 1125 2919; x_wconf 88' lang='lat' dir='ltr'>omnes</span> <span class='ocrx_word' id='word_1_100' title='bbox 1145 2860 1180 2920; x_wconf 90' lang='lat' dir='ltr'>in</span> <span class='ocrx_word' id='word_1_101' title='bbox 1201 2862 1309 2922; x_wconf 90' lang='lat' dir='ltr'>codem</span> 
     </span>
     <span class='ocr_line' id='line_1_17' title="bbox 301 2960 1308 3045; baseline -0.002 -16"><span class='ocrx_word' id='word_1_102' title='bbox 301 2966 493 3045; x_wconf 89' lang='lat' dir='ltr'>cognomine.</span> <span class='ocrx_word' id='word_1_103' title='bbox 537 2963 584 3022; x_wconf 90' lang='lat' dir='ltr'>Ac</span> <span class='ocrx_word' id='word_1_104' title='bbox 599 2980 638 3020; x_wconf 91' lang='lat' dir='ltr'>ne</span> <span class='ocrx_word' id='word_1_105' title='bbox 653 2960 856 3038; x_wconf 85' lang='lat' dir='ltr'>praenomina</span> <span class='ocrx_word' id='word_1_106' title='bbox 868 2961 994 3038; x_wconf 90' lang='lat' dir='ltr'>quidem</span> <span class='ocrx_word' id='word_1_107' title='bbox 1009 2962 1076 3024; x_wconf 90' lang='lat' dir='ltr'>ulla</span> <span class='ocrx_word' id='word_1_108' title='bbox 1089 2972 1308 3045; x_wconf 80' lang='lat' dir='ltr'>praeterquam</span> 
     </span>
     <span class='ocr_line' id='line_1_18' title="bbox 302 3065 1308 3148; baseline -0.002 -14"><span class='ocrx_word' id='word_1_109' title='bbox 302 3073 405 3135; x_wconf 86' lang='lat' dir='ltr'>Gnaei</span> <span class='ocrx_word' id='word_1_110' title='bbox 419 3078 451 3131; x_wconf 90' lang='lat' dir='ltr'>et</span> <span class='ocrx_word' id='word_1_111' title='bbox 465 3068 544 3129; x_wconf 90' lang='lat' dir='ltr'>Luci</span> <span class='ocrx_word' id='word_1_112' title='bbox 560 3070 769 3144; x_wconf 75' lang='lat' dir='ltr'>usurparunt,</span> <span class='ocrx_word' id='word_1_113' title='bbox 791 3084 889 3142; x_wconf 89' lang='lat' dir='ltr'>eaque</span> <span class='ocrx_word' id='word_1_114' title='bbox 909 3065 978 3143; x_wconf 90' lang='lat' dir='ltr'>ipsa</span> <span class='ocrx_word' id='word_1_115' title='bbox 998 3068 1133 3128; x_wconf 78' lang='lat' dir='ltr'>notabili</span> <span class='ocrx_word' id='word_1_116' title='bbox 1146 3071 1308 3148; x_wconf 86' lang='lat' dir='ltr'>varietate,</span> 
     </span>
     <span class='ocr_line' id='line_1_19' title="bbox 301 3170 1309 3254; baseline -0.002 -15"><span class='ocrx_word' id='word_1_117' title='bbox 301 3179 394 3239; x_wconf 91' lang='lat' dir='ltr'>modo</span> <span class='ocrx_word' id='word_1_118' title='bbox 415 3174 636 3237; x_wconf 79' lang='lat' dir='ltr'>continuantes</span> <span class='ocrx_word' id='word_1_119' title='bbox 657 3190 752 3229; x_wconf 91' lang='lat' dir='ltr'>unum</span> <span class='ocrx_word' id='word_1_120' title='bbox 777 3170 923 3247; x_wconf 89' lang='lat' dir='ltr'>quodque</span> <span class='ocrx_word' id='word_1_121' title='bbox 948 3190 1003 3249; x_wconf 87' lang='lat' dir='ltr'>per</span> <span class='ocrx_word' id='word_1_122' title='bbox 1026 3173 1127 3234; x_wconf 90' lang='lat' dir='ltr'>trinas</span> <span class='ocrx_word' id='word_1_123' title='bbox 1150 3194 1309 3254; x_wconf 85' lang='lat' dir='ltr'>personas,</span> 
     </span>
    </p>

    <p class='ocr_par' dir='ltr' id='par_1_8' title="bbox 255 3274 1311 3674">
     <span class='ocr_line' id='line_1_20' title="bbox 255 3274 1311 3355; baseline -0.003 -11"><span class='ocrx_word' id='word_1_124' title='bbox 255 3300 285 3344; x_wconf 81' lang='lat' dir='ltr'>ao</span> <span class='ocrx_word' id='word_1_125' title='bbox 301 3284 393 3344; x_wconf 80' lang='lat' dir='ltr'>inodo</span> <span class='ocrx_word' id='word_1_126' title='bbox 408 3280 602 3342; x_wconf 87' lang='lat' dir='ltr'>alternantes</span> <span class='ocrx_word' id='word_1_127' title='bbox 616 3295 672 3354; x_wconf 89' lang='lat' dir='ltr'>per</span> <span class='ocrx_word' id='word_1_128' title='bbox 686 3274 835 3350; x_wconf 87' lang='lat' dir='ltr'>singulas.</span> <span class='ocrx_word' id='word_1_129' title='bbox 873 3275 905 3334; x_wconf 88' lang='lat' dir='ltr'>N</span> <span class='ocrx_word' id='word_1_130' title='bbox 908 3294 958 3335; x_wconf 91' lang='lat' dir='ltr'>am</span> <span class='ocrx_word' id='word_1_131' title='bbox 972 3277 1110 3355; x_wconf 91' lang='lat' dir='ltr'>primum</span> <span class='ocrx_word' id='word_1_132' title='bbox 1126 3283 1311 3343; x_wconf 88' lang='lat' dir='ltr'>secundum·</span> 
     </span>
     <span class='ocr_line' id='line_1_21' title="bbox 301 3381 1309 3467; baseline -0.001 -19"><span class='ocrx_word' id='word_1_133' title='bbox 301 3407 361 3467; x_wconf 89' lang='lat' dir='ltr'>quc</span> <span class='ocrx_word' id='word_1_134' title='bbox 382 3405 418 3448; x_wconf 92' lang='lat' dir='ltr'>ac</span> <span class='ocrx_word' id='word_1_135' title='bbox 438 3385 569 3446; x_wconf 88' lang='lat' dir='ltr'>tertium</span> <span class='ocrx_word' id='word_1_136' title='bbox 590 3381 846 3441; x_wconf 86' lang='lat' dir='ltr'>Aenobarborum</span> <span class='ocrx_word' id='word_1_137' title='bbox 871 3381 994 3456; x_wconf 89' lang='lat' dir='ltr'>Lucios,</span> <span class='ocrx_word' id='word_1_138' title='bbox 1017 3386 1180 3462; x_wconf 88' lang='lat' dir='ltr'>sequentis</span> <span class='ocrx_word' id='word_1_139' title='bbox 1202 3406 1309 3447; x_wconf 86' lang='lat' dir='ltr'>rursus</span> 
     </span>
     <span class='ocr_line' id='line_1_22' title="bbox 300 3488 1311 3566; baseline -0.002 -10"><span class='ocrx_word' id='word_1_140' title='bbox 300 3502 365 3556; x_wconf 88' lang='lat' dir='ltr'>tres</span> <span class='ocrx_word' id='word_1_141' title='bbox 384 3513 423 3554; x_wconf 82' lang='lat' dir='ltr'>ex</span> <span class='ocrx_word' id='word_1_142' title='bbox 441 3491 550 3552; x_wconf 87' lang='lat' dir='ltr'>ordine</span> <span class='ocrx_word' id='word_1_143' title='bbox 571 3490 695 3550; x_wconf 86' lang='lat' dir='ltr'>Gnaeos</span> <span class='ocrx_word' id='word_1_144' title='bbox 716 3488 903 3564; x_wconf 86' lang='lat' dir='ltr'>accepimus,</span> <span class='ocrx_word' id='word_1_145' title='bbox 918 3488 1056 3566; x_wconf 90' lang='lat' dir='ltr'>reliquos</span> <span class='ocrx_word' id='word_1_146' title='bbox 1078 3492 1206 3553; x_wconf 90' lang='lat' dir='ltr'>nonnisi</span> <span class='ocrx_word' id='word_1_147' title='bbox 1221 3494 1311 3555; x_wconf 87' lang='lat' dir='ltr'>vicis·</span> 
     </span>
     <span class='ocr_line' id='line_1_23' title="bbox 300 3591 1309 3674; baseline 0 -14"><span class='ocrx_word' id='word_1_148' title='bbox 300 3600 359 3661; x_wconf 88' lang='lat' dir='ltr'>sim</span> <span class='ocrx_word' id='word_1_149' title='bbox 374 3606 442 3657; x_wconf 86' lang='lat' dir='ltr'>turn</span> <span class='ocrx_word' id='word_1_150' title='bbox 460 3594 573 3655; x_wconf 88' lang='lat' dir='ltr'>Lucios</span> <span class='ocrx_word' id='word_1_151' title='bbox 591 3599 658 3652; x_wconf 89' lang='lat' dir='ltr'>tum</span> <span class='ocrx_word' id='word_1_152' title='bbox 677 3592 810 3651; x_wconf 82' lang='lat' dir='ltr'>Gnaeos.</span> <span class='ocrx_word' id='word_1_153' title='bbox 853 3591 959 3653; x_wconf 90' lang='lat' dir='ltr'>Pluris</span> <span class='ocrx_word' id='word_1_154' title='bbox 980 3612 997 3652; x_wconf 92' lang='lat' dir='ltr'>e</span> <span class='ocrx_word' id='word_1_155' title='bbox 1018 3594 1144 3656; x_wconf 82' lang='lat' dir='ltr'>familia</span> <span class='ocrx_word' id='word_1_156' title='bbox 1164 3599 1309 3674; x_wconf 84' lang='lat' dir='ltr'>cognosci</span> 
     </span>
    </p>
   </div>
   <div class='ocr_carea' id='block_1_5' title="bbox 300 3695 1311 3858">
    <p class='ocr_par' dir='ltr' id='par_1_9' title="bbox 300 3695 1311 3858">
     <span class='ocr_line' id='line_1_24' title="bbox 300 3695 1311 3777; baseline 0.001 -13"><span class='ocrx_word' id='word_1_157' title='bbox 300 3704 417 3763; x_wconf 88' lang='lat' dir='ltr'>referre</span> <span class='ocrx_word' id='word_1_158' title='bbox 435 3699 579 3774; x_wconf 84' lang='lat' dir='ltr'>arbitror,</span> <span class='ocrx_word' id='word_1_159' title='bbox 595 3714 658 3774; x_wconf 92' lang='lat' dir='ltr'>quo</span> <span class='ocrx_word' id='word_1_160' title='bbox 678 3695 805 3756; x_wconf 83' lang='lat' dir='ltr'>facilius</span> <span class='ocrx_word' id='word_1_161' title='bbox 826 3703 976 3774; x_wconf 88' lang='lat' dir='ltr'>appareat</span> <span class='ocrx_word' id='word_1_162' title='bbox 996 3698 1043 3759; x_wconf 90' lang='lat' dir='ltr'>ita</span> <span class='ocrx_word' id='word_1_163' title='bbox 1063 3700 1271 3777; x_wconf 86' lang='lat' dir='ltr'>degenerasse</span> <span class='ocrx_word' id='word_1_164' title='bbox 1292 3724 1311 3765; x_wconf 90' lang='lat' dir='ltr'>a</span> 
     </span>
     <span class='ocr_line' id='line_1_25' title="bbox 782 3808 830 3858; baseline 0.021 -1"><span class='ocrx_word' id='word_1_165' title='bbox 782 3808 830 3858; x_wconf 80' lang='lat'>106</span> 
     </span>
    </p>
   </div>
   <div class='ocr_carea' id='block_1_6' title="bbox 0 0 1496 4359">
    <p class='ocr_par' dir='ltr' id='par_1_10' title="bbox 0 0 1496 4359">
     <span class='ocr_line' id='line_1_26' title="bbox 0 0 1496 4359; baseline 0 1"><span class='ocrx_word' id='word_1_166' title='bbox 0 0 1496 4359; x_wconf 95' lang='lat' dir='ltr'> </span> 
     </span>
    </p>
   </div>
  </div>
 </body>
</html>
