2984 4359
309 282 373 349 104
410 293 440 345 c.
464 293 621 345 sermm
640 294 869 357 namuurum
888 295 938 345 or
957 295 1048 345 vrrs
1069 294 1270 347 cursurum

308 485 423 543 quoque
452 471 484 525 ia
505 470 587 543 fotis
613 486 675 527 esse
703 466 835 529 iactavit
859 472 973 528 ornatu·
988 471 1152 545 imperdita,
1178 470 1230 529 sed
1252 488 1314 529 uon

307 575 459 648 impunito
479 576 696 646 martimum·
718 579 751 633 et
772 572 907 633 subinde
926 572 1054 633 obvium
1076 574 1137 635 sibi
1156 573 1314 634 Britanni-

307 695 378 737 eum
389 676 489 737 artius
500 677 682 756 complexus
693 678 839 739 hortatus
850 684 1100 755 estmeresceret
1109 684 1312 756 rationesque

307 803 326 843 u
341 802 372 843 oe
382 786 518 843 omnium
525 788 681 859 suetorum
694 787 859 860 amparem·
880 786 1000 845 Graeea
1013 785 1143 863 insuper
1156 804 1231 845 voee
1245 804 1311 863 pro

261 907 277 952 u
307 894 449 950 secutus:
472 890 614 968 ὁτρῶσας
629 891 673 949 καὶ
688 893 803 951 ἰάσεται.
846 889 987 968 Cumque
1004 889 1126 969 impubi
1143 895 1311 968 teneroque

306 994 419 1070 adhue,
434 995 561 1072 quando
579 1000 701 1055 statura
719 994 926 1073 permitteret,
944 1005 1049 1072 togam
1069 995 1144 1056 dare
1162 995 1312 1055 destinas

307 1105 363 1175 set,
379 1099 509 1159 adiecit:
534 1102 701 1162 lsttoadem
712 1103 847 1177 popedon
861 1102 1020 1161 Romanus
1032 1120 1137 1161 uerum
1154 1100 1312 1162 Oueoorem

306 1206 420 1264 habeut.
456 1206 530 1265 Non
538 1204 699 1283 multoque
707 1212 780 1283 post
788 1212 1010 1266 testamentum
1021 1206 1117 1266 etiam
1126 1206 1311 1284 conseripsit
1323 1212 1366 1261 44

306 1352 429 1400 poisoned
443 1355 473 1400 at
533 1327 568 1368 ao
588 1309 688 1385 signis
702 1310 842 1370 omnium
863 1310 1105 1386 magistratuum
1124 1310 1309 1387 obsignavit.

264 1431 292 1475 lo
306 1427 460 1488 inungamur
473 1425 501 1473 of
533 1414 627 1474 Prius
644 1414 741 1490 igitur
756 1434 852 1493 quam
866 1416 952 1475 ultra
964 1415 1212 1493 progrederetur,
1228 1433 1312 1493 prae·

306 1501 446 1561 *mmm
533 1525 648 1579 ventus
664 1525 713 1580 est
732 1521 772 1580 ab
788 1519 974 1599 Agrippina,
989 1538 1084 1597 quam
1098 1526 1223 1599 praeter
1236 1520 1311 1580 haee

307 1622 498 1684 conscientia
511 1643 644 1702 quoque,
658 1643 716 1685 nee
730 1625 836 1686 minus
850 1625 1006 1686 delatores
1023 1625 1195 1685 multorum
1214 1625 1312 1685 erimi-

306 1748 381 1788 num
397 1729 576 1805 arguebant.

347 1835 390 1894 Et
404 1853 524 1894 veneno
537 1834 663 1912 quidem
680 1835 817 1896 ooeisum
832 1836 996 1912 eonvenit3
1017 1836 1071 1896 ubi
1086 1841 1189 1896 autem
1207 1842 1240 1896 et
1257 1854 1312 1913 per

263 1939 678 2018 15quemdat0,diserepat.
721 1940 856 2011 Quidam
874 1941 1012 2017 tradunt,
1027 1940 1172 2019 epulanti
1189 1941 1223 2001 in
1244 1959 1311 2002 aree

308 2064 378 2104 eum
404 2044 616 2104 sacerdotibus
644 2064 699 2123 per
724 2045 878 2105 Halotum
907 2047 1077 2123 spadonem
1101 2051 1312 2125 praegustato

307 2168 390 2226 rem;
419 2148 484 2225 alii,
510 2150 681 2210 domestico
708 2150 853 2210 convivio
881 2170 936 2228 per
963 2150 1066 2229 ipsam
1092 2151 1311 2230 Agrippinam,

307 2274 387 2332 quae
401 2254 540 2314 boletum
555 2255 744 2315 medicatum
764 2254 948 2316 avidissimo
970 2255 1109 2318 ciborum
1129 2255 1242 2316 talium
1264 2257 1312 2316 ob

307 2360 432 2420 tulerat.
488 2359 592 2420 Etiam
627 2360 666 2420 de
698 2360 962 2438 subsequentibus
990 2361 1115 2422 diversa
1141 2361 1228 2422 fama
1254 2367 1310 2422 est

262 2465 404 2524 noMulti
426 2465 534 2526 statim
556 2465 669 2527 hausto
688 2485 809 2526 veneno
830 2465 1023 2526 obmutuisse
1044 2466 1142 2542 aiunt,
1161 2467 1313 2526 excrucia

212 2596 215 2603 ·
307 2577 437 2647 tumque
470 2571 629 2631 doloribus
659 2578 750 2631 noete
781 2577 849 2632 tota
882 2571 1036 2632 defecisse
1070 2590 1167 2650 prope
1201 2571 1310 2632 luoem.

307 2674 463 2736 Nonnulli
486 2676 569 2736 iuter
592 2676 686 2738 initia
709 2677 916 2755 consopitum,
937 2676 1052 2736 deinde
1076 2676 1146 2737 eibo
1167 2676 1312 2737 affluente

307 2782 483 2844 evomuisse
501 2783 614 2858 omnia,
632 2783 864 2861 repetitumque
885 2782 1000 2859 toxico,
1014 2783 1169 2843 incertum
1190 2782 1312 2861 pultine

308 2890 425 2964 addito,
451 2908 522 2950 oum
546 2888 634 2949 velut
658 2890 846 2950 exhaustum
870 2888 956 2948 refioi
984 2888 1054 2949 oibo
1082 2893 1249 2966 oporteret,
1273 2906 1312 2948 an

262 3011 292 3057 et
308 2995 449 3056 immisso
459 3014 515 3073 per
529 2994 673 3074 clystera,
685 3001 722 3054 ut
735 2994 826 3073 quasi
840 2994 1034 3055 abundantia
1047 2992 1204 3054 laboranti
1218 2993 1313 3054 etiam

533 3100 592 3161 hoe
616 3119 729 3178 genere
754 3100 922 3178 egestionis
949 3098 1175 3160 subveniretur.
1226 3099 1361 3161 Morsus

534 3207 601 3267 eius
618 3207 719 3267 eelata
735 3213 793 3282 est,
808 3207 906 3267 donee
923 3207 1007 3267 eirea
1023 3226 1231 3268 suoeessorem
1253 3224 1315 3266 om·

533 3312 587 3372 nia
601 3312 828 3373 ordinarentur.
871 3312 986 3390 Itaque
1000 3318 1032 3373 et
1046 3312 1137 3390 quasi
1151 3331 1208 3391 pro
1222 3330 1314 3389 aegro

310 3420 412 3481 adhue
433 3425 507 3479 vota
528 3426 673 3498 suscepta
694 3424 777 3494 sunt,
799 3423 831 3478 et
853 3418 975 3479 inducti
1000 3438 1056 3497 per
1081 3418 1314 3480 simulationem

264 3540 295 3586 oo
310 3525 458 3597 comoedi,
480 3524 535 3601 qui
559 3525 648 3584 velut
672 3524 902 3585 desiderantem
927 3524 1127 3584 oblectarent.
1169 3524 1315 3585 Excessit

311 3628 365 3691 III
385 3629 435 3690 Id.
451 3628 559 3690 Oetob.
574 3628 686 3689 Asinio
705 3628 865 3703 Marcello
884 3628 988 3688 Acilio
1006 3628 1121 3688 Aviola
1137 3647 1215 3689 eoss.
1231 3648 1316 3690 sexa

312 3735 429 3813 gesimo
444 3739 556 3811 quarto
570 3734 692 3809 aetatis,
707 3733 832 3810 imperii
852 3740 964 3810 quarto
981 3733 1102 3795 decimo
1122 3752 1213 3809 anno,
1229 3734 1316 3794 fune-

308 3182 392 3229 berth

309 3256 439 3305 concensu
