2984 4359
462 280 593 332 »11111111
617 281 667 332 111.
720 279 902 333 meamus.
1155 265 1195 330 27

143 460 177 510 50
229 453 346 513 Odium
358 454 508 515 adversus
518 454 768 514 necessitudines
784 453 815 512 in
828 454 932 512 Druso
946 453 1083 531 primum
1097 452 1195 512 fratre

191 558 310 617 detexit
327 558 467 636 (prodita
483 558 551 619 eius
570 557 716 636 epistula,
732 578 795 635 qua
810 577 915 619 secum
932 559 971 618 de
996 610 1091 657 mod
1100 612 1150 658 m

190 664 328 738 cogendo
342 664 381 723 ad
398 664 625 724 restituendam
637 663 815 724 libertatem
827 663 971 740 Augusto
997 686 1097 744 emat,-

190 768 315 849 agebat)
332 768 447 828 deinde
468 774 501 828 et
523 768 557 828 in
578 769 718 846 reliquis.
762 768 863 828 Iuliae
879 769 971 828 uxori
996 760 1119 880 w„

189 879 314 933 tantum
339 874 423 933 afuit
450 879 486 933 ut
510 874 675 950 relegatae,
696 873 780 952 quod
808 872 970 933 minimum
1211 890 1226 935 e

190 983 246 1053 est,
262 978 355 1038 officii
377 985 432 1038 aut
452 977 660 1039 humanitatis
681 978 803 1055 aliquid
824 978 1010 1054 impertiret,
1024 983 1061 1037 ut
1075 995 1114 1036 ex
1127 996 1196 1037 oon·

90 1072 94 1080 ’
190 1083 355 1142 stitutione
369 1084 470 1161 patris
485 1103 547 1143 nno
561 1084 677 1161 oppido
691 1084 830 1143 clausam
844 1082 937 1142 domo
952 1101 1073 1159 quoque
1087 1082 1195 1158 egredi

190 1193 221 1247 et
235 1187 421 1247 commercio
434 1187 597 1248 hominum
615 1188 679 1247 frui
697 1188 848 1263 vetuerit3
871 1188 926 1247 sed
943 1194 975 1247 et
990 1187 1113 1265 peculio
1127 1206 1196 1248 con·

191 1311 276 1353 cesso
296 1311 315 1352 a
333 1300 423 1370 patre
441 1292 655 1370 praebitisque
672 1294 786 1353 annuis
805 1292 975 1367 fraudavit,
990 1311 1046 1369 per
1060 1292 1194 1370 speciem

190 1396 308 1474 publici
336 1397 424 1471 iuris,
452 1399 536 1475 quod
564 1398 645 1457 nihil
673 1398 711 1458 de
739 1397 790 1458 his
819 1397 982 1473 Augustus
1007 1403 1195 1457 testamento
1212 1411 1241 1455 10

190 1502 334 1562 cavisset.
390 1503 527 1562 Matrem
555 1501 679 1562 Liviam
707 1508 856 1579 gravatus
884 1503 973 1562 velut
1000 1509 1106 1581 partes
1134 1502 1195 1563 sibi

190 1625 306 1684 aequas
331 1608 490 1685 potentiae
513 1607 736 1682 vindicantem,
757 1615 789 1668 et
814 1626 1013 1683 congressum
1036 1607 1104 1667 eius
1121 1608 1195 1669 assi-
1294 1608 1296 1611 ’

190 1713 286 1771 duum
309 1712 425 1772 vitavit
448 1718 481 1772 et
505 1713 661 1788 longiores
690 1713 936 1790 secretioresque
964 1731 1130 1787 sermones,
1155 1732 1194 1772 ne

135 1895 138 1898 Ι
190 1817 340 1891 consiliis,
356 1817 471 1894 quibus
488 1824 594 1877 tamen
614 1817 774 1877 interdum
792 1825 825 1877 et
840 1836 930 1893 egere
947 1824 979 1877 et
998 1818 1046 1877 uti
1066 1816 1193 1893 solebat,

190 1922 254 1996 regi
269 1922 438 1981 videretur.
481 1922 570 1982 Tulit
584 1923 680 1982 etiam
698 1922 883 2000 perindigne
905 1927 1009 1981 actum
1025 1921 1059 1981 in
1073 1928 1193 1996 senatu,
1212 1939 1240 1983 115

189 2032 224 2085 ut
248 2027 355 2087 titulis
380 2026 446 2087 suis
474 2028 566 2104 quasi
590 2027 738 2103 Augusti,
764 2027 811 2086 ita
834 2033 866 2086 et
890 2029 999 2087 Liuiae
1018 2030 1108 2103 filius
1131 2027 1195 2087 adi·

190 2138 318 2192 ceretur.
389 2133 490 2203 Quare
534 2152 595 2191 non
642 2133 801 2208 parentem
847 2136 968 2207 petrice
994 2159 1150 2207 mmm„

189 2237 352 2314 appellari,
387 2257 451 2296 non
488 2236 589 2296 ullum
628 2237 784 2311 insignem
820 2237 967 2295 honorem
994 2233 1067 2280 ¹⁴th

190 2342 328 2419 recipere
361 2342 486 2420 publice
520 2361 631 2419 passus
667 2348 733 2418 est;
777 2342 832 2401 sed
866 2349 898 2400 et
931 2342 1113 2418 frequenter
1144 2343 1195 2402 ad·

189 2447 320 2521 monuit,
349 2446 519 2507 maioribus
551 2465 607 2506 nec
641 2447 779 2506 feminae
813 2446 1070 2507 convenientibus
1104 2466 1195 2523 nego
1210 2462 1240 2506 1ο

189 2551 242 2610 tiis
280 2552 462 2626 abstineret,
499 2552 666 2629 praecipue
703 2557 740 2611 ut
777 2551 1011 2626 animadvertit,
1049 2552 1194 2612 incendio

94 2648 95 2651 '
189 2656 279 2716 iuxta
292 2657 401 2716 aedem
415 2658 530 2717 Vestae
547 2662 579 2716 et
598 2656 700 2734 ipsam
714 2657 920 2717 intervenisse
935 2656 1147 2734 populumque
1161 2664 1193 2717 et

189 2762 317 2837 milites,
332 2780 394 2839 quo
411 2761 535 2822 enixius
553 2780 643 2838 opem
665 2763 795 2837 ferrent,
814 2761 1022 2837 adhortatam,
1038 2763 1120 2823 sicut
1135 2764 1194 2823 sub

142 2875 175 2925 51
190 2867 301 2926 marito
326 2866 420 2927 solita
443 2872 534 2927 esset.
578 2867 700 2926 Dehinc
726 2867 765 2927 ad
791 2867 982 2928 simultatem
1009 2886 1107 2945 usque
1127 2887 1194 2945 pro

189 2971 283 3032 cessit
310 2971 378 3044 hae,
407 2977 443 3031 ut
471 2973 587 3046 ierunt,
617 2972 656 3031 de
683 2991 784 3033 eausa.
827 2973 967 3033 Instanti
995 2973 1128 3051 saepius,
1156 2980 1193 3033 ut
1210 2992 1239 3036 25

189 3077 317 3137 civitate
343 3079 493 3138 donatum
518 3078 552 3136 in
576 3078 718 3138 decurias
741 3078 909 3154 adlegeret,
933 3078 1062 3155 negavit
1082 3078 1145 3138 alia
1160 3098 1193 3139 se

104 3243 108 3252 ,
189 3184 369 3243 condicione
395 3184 599 3257 adlecturum‚
626 3203 719 3261 quam
744 3184 771 3244 si
794 3189 954 3261 pateretur
977 3182 1091 3244 ascribi
1111 3183 1192 3259 albo,

189 3299 333 3350 extortum
347 3293 381 3349 id
399 3293 458 3349 sibi
471 3310 491 3349 α
505 3298 608 3348 matre.
635 3288 698 3348 'At
717 3288 773 3349 illa
792 3295 947 3349 commota
963 3296 1085 3348 veteres
1104 3307 1194 3365 quos·

190 3394 257 3453 dam
274 3395 315 3454 ad
330 3413 363 3455 se
380 3394 516 3469 Augusti
535 3394 697 3457 codicillos
710 3394 750 3452 de
764 3394 931 3454 acerbitate
946 3399 978 3453 et
992 3394 1194 3453 intolerantia

190 3517 308 3559 morum
333 3498 402 3558 eius
427 3518 444 3558 e
466 3498 601 3559 sacrario
622 3497 756 3575 protulit
771 3504 865 3575 atque
880 3498 1034 3558 recitavit.
1076 3499 1145 3557 Hos
1160 3503 1191 3556 et
1209 3512 1238 3557 ee

190 3604 360 3664 custoditos
396 3607 463 3662 tam
497 3603 553 3662 diu
584 3608 616 3662 et
649 3603 851 3680 exprobratos
880 3609 945 3662 tam
972 3603 1088 3662 infeste
1115 3603 1193 3661 adeo

190 3709 325 3782 graviter
347 3706 433 3782 tulit,
455 3713 492 3766 ut
514 3706 642 3783 quidam
665 3712 787 3783 putent,
812 3707 894 3768 inter
919 3726 1028 3767 causas
1052 3725 1192 3766 secessus
