2984 4359
497 272 610 324 amna
632 273 683 324 111.
737 271 918 324 rmnruus.
1191 259 1212 323 5

203 444 357 524 temporis
377 444 579 507 mulierculas
601 444 705 506 levare
726 463 820 506 onere
840 444 1047 523 temptabant
1089 445 1152 506 Per
1167 443 1212 506 Si·

205 549 311 611 ciliam
336 568 462 629 quoque
486 555 519 611 et
538 569 594 629 per
615 549 770 611 Achaiam
793 548 1036 626 circumductus,
1059 568 1096 611 ac
1119 550 1212 611 Lace·

205 654 380 716 daemoniis
411 654 546 733 publice,
574 655 660 734 quod
690 655 724 714 in
752 654 853 716 tutela
879 654 1083 717 Claudiorum
1111 661 1210 732 erant,

205 760 423 836 demandatus,
442 758 621 837 digrediens
642 759 717 820 inde
737 759 852 821 itinere
872 765 1025 820 nocturno
1042 759 1211 822 discrimen

205 864 290 926 vitae
308 864 398 941 adiit,
412 864 540 925 flamma
553 869 682 944 repente
696 883 714 924 e
727 863 819 926 silvis
835 864 975 942 undique
990 871 1108 941 exorta,
1122 865 1212 927 adeo
1240 883 1256 930 e

205 988 266 1047 que
280 988 405 1031 ornnem
419 969 603 1030 comitatum
617 968 839 1048 circumplexa,
853 975 890 1030 ut
900 969 1011 1030 Liviae
1025 989 1098 1049 pare
1112 971 1210 1033 vestis

206 1080 238 1135 et
264 1074 374 1153 capilli
401 1075 646 1135 amburerentur.
697 1074 840 1150 Munera,
865 1074 979 1153 quibus
1005 1094 1024 1136 a
1050 1076 1209 1155 Pompeia,

207 1180 276 1241 Sex.
299 1180 432 1258 Pompei
453 1198 566 1256 sorore,
589 1178 624 1239 iu
645 1178 756 1240 Sicilia
776 1179 912 1241 donatus
933 1186 991 1256 est,
1012 1180 1154 1261 chlamys
1178 1187 1211 1242 et

206 1284 303 1345 fibula
324 1285 400 1346 item
420 1284 525 1345 bullae
546 1302 666 1360 aureae,
682 1284 798 1346 durant
818 1286 1088 1364 ostendunturque
1108 1286 1211 1347 adhuc

207 1390 289 1452 Bus.
332 1390 411 1451 Post
425 1389 559 1450 reditum
574 1390 609 1449 in
622 1390 730 1450 urbem
745 1408 765 1450 a
779 1390 821 1450 M.
838 1389 945 1452 Gallio
959 1398 1101 1453 senatore
1117 1397 1211 1453 testa
1227 1405 1257 1451 10

207 1501 312 1556 mento
326 1494 504 1573 adoptatus,
519 1494 695 1556 hereditate
712 1495 799 1556 adita
816 1514 888 1556 mox
903 1496 1028 1558 nomine
1045 1497 1209 1573 abstinuit,

207 1601 290 1677 quod
304 1600 430 1663 Gallius
443 1600 646 1662 adversarum
660 1601 807 1677 Augusto
819 1600 958 1679 partium
971 1602 1084 1663 iuerat.

245 1706 370 1766 Novem
396 1711 492 1766 natus
518 1724 617 1767 annos
646 1706 832 1766 defunctum
866 1712 985 1784 patrem
1014 1697 1072 1785 pro
1099 1708 1210 1769 rostris

170 1864 173 1870 ,
207 1809 357 1871 laudavit.
400 1809 523 1871 Dehinc
544 1811 718 1889 pubescens
742 1810 876 1871 Actiaco
899 1810 1061 1890 triumpho
1084 1831 1209 1873 currum

207 1915 344 1992 Augusti
359 1914 526 1976 comitatus
541 1920 590 1977 est
604 1915 799 1977 sinisteriore
813 1915 917 1976 funali
936 1934 1025 1994 equo,
1040 1936 1111 1976 cum
1130 1918 1212 1978 Mar·
1227 1932 1256 1979 lo

207 2020 303 2081 cellus
318 2020 468 2082 Octaviae
482 2019 569 2081 filius
586 2021 763 2081 dexteriore
778 2020 952 2081 veheretur.
995 2021 1160 2083 Praecedit
1178 2028 1211 2083 et

207 2125 314 2186 asticis
352 2122 444 2198 ludis,
480 2128 512 2183 et
547 2123 671 2183 Troiam
706 2122 907 2198 circensibus,
942 2123 1053 2182 ductor
1090 2127 1212 2184 turmae

207 2248 374 2308 puerorum
394 2228 556 2289 maiorum.

176 2336 195 2390 7
246 2334 342 2397 Virili
362 2340 438 2411 toga
456 2338 590 2412 sumpte,
605 2330 854 2394 adulescentiam
872 2349 997 2392 omnem
1011 2332 1210 2411 spatiumque

207 2440 403 2518 insequentis
436 2438 550 2499 aetatis
583 2455 682 2514 usque
715 2437 756 2497 ad
791 2436 988 2515 principatus
1227 2448 1258 2495 au

207 2544 300 2606 initia
313 2562 370 2623 per
382 2544 460 2604 haec
473 2544 540 2604 fere
555 2542 718 2619 transegit.
758 2542 877 2602 Munus
892 2540 990 2618 gladi·
1013 2500 1059 2548 ω’
1071 2502 1152 2561 ”m

209 2649 342 2710 atcrium
367 2648 401 2709 in
424 2647 605 2709 memoriam
634 2647 735 2726 patris
763 2651 796 2707 et
820 2645 955 2707 alterum
978 2645 1014 2705 in
1037 2646 1090 2706 ari
1114 2644 1211 2706 Drusi

209 2754 304 2831 dedit,
333 2753 467 2815 diversis
494 2752 688 2831 temporibus
718 2770 755 2813 ac
784 2750 870 2827 locis,
899 2751 1035 2829 primum
1069 2750 1104 2810 in
1130 2751 1210 2827 foro,

210 2860 379 2921 seeundum
398 2859 431 2918 in
450 2857 693 2937 amphitheatro,
711 2856 859 2917 rudiariis
879 2874 1002 2933 quoque
1023 2855 1211 2934 quibusdam

209 2964 362 3026 revocatis
377 2968 610 3025 auctoramento
624 2968 791 3024 centenum
805 2960 945 3037 milium,
964 2960 1053 3020 dedit
1063 2966 1096 3021 et
1109 2960 1211 3036 ludos,
1228 2980 1258 3025 ac

211 3070 265 3131 sed
278 3071 406 3131 absens:
429 3073 542 3130 cuncta
555 3067 729 3145 magnifice,
745 3067 878 3146 inpensa
890 3064 1002 3125 matris
1016 3084 1053 3126 ac
1066 3065 1182 3126 vitrici.

247 3174 594 3254 Agrippinam,'Marcc
614 3172 758 3251 Agrippa
777 3171 926 3249 genitam,
947 3176 1075 3249 neptem
1095 3169 1212 3232 Caecili

209 3281 310 3343 Attici
334 3280 452 3359 equitis
479 3278 616 3341 Romani
641 3280 698 3361 [ad
722 3297 817 3356 quem
845 3282 920 3338 sunt
944 3277 992 3337 ci-

209 3387 328 3448 ceronis
363 3385 545 3468 epistulae],
577 3384 670 3446 duxit
702 3402 848 3460 uxorem3
891 3382 991 3444 subla-

208 3497 302 3571 toque
322 3510 363 3552 ex
384 3509 422 3551 ea
441 3490 508 3550 filio
528 3491 640 3565 Druso,
662 3507 854 3567 quamquam
874 3488 954 3548 bene
974 3486 1213 3548 convenientem
1229 3503 1260 3550 eu

208 3614 379 3676 ramusque
399 3595 561 3671 gravidam
580 3594 751 3669 dimittere,
772 3611 807 3653 ac
826 3592 942 3653 Iuliam
956 3589 1095 3668 Augusti
1113 3589 1212 3651 filiam

209 3691 378 3774 confestim
403 3705 529 3760 coactus
552 3705 601 3760 est
625 3699 749 3774 ducere,
774 3716 837 3758 non
861 3697 930 3758 sine
958 3713 1071 3773 magno
1097 3712 1213 3770 angore

1016 3341 1062 3389 llis
1077 3338 1203 3402 mmdage
