2984 4359
425 271 537 323 iruna
561 273 593 322 V.
648 271 761 323 mvus
784 271 978 324 susumus
1165 259 1206 324 81

187 440 447 504 imbecillitatem
461 444 527 505 eius
539 464 574 505 ac
585 444 937 506 damnum-liberalitate
949 463 1006 505 sua
1015 449 1207 504 resarturum

187 546 376 624 pollicente.
427 549 489 621 Qui
511 555 617 610 tamen
641 550 778 611 moriens
800 555 833 610 et
855 549 888 609 in
911 548 1017 610 tertiis
1040 549 1207 611 heredibus

188 670 265 712 eum
286 673 328 714 ex
347 659 438 732 parte
455 654 551 715 tertia
567 662 791 733 nuncupatum,
809 654 914 731 legato
933 656 1027 714 etiam
1046 655 1129 715 circa
1148 674 1208 717 ses·

189 759 328 819 tertium
336 759 434 820 vicies
446 766 628 837 prosecutus
638 760 870 821 commendavit
880 759 1009 837 insuper
1019 760 1208 821 exercitibus

189 881 228 923 ac
241 845 375 925 ¹senatui
389 865 569 943 populoque
579 866 723 926 Romano
734 866 818 926 iuter
829 871 948 926 ceteras
959 866 1208 926 necessitudines
1223 879 1239 924 s

190 970 394 1029 nominatim.

159 1070 176 1122 7
235 1075 303 1135 Sub
319 1076 400 1135 Gaio
409 1076 536 1135 demum
550 1076 661 1137 fratris
673 1076 750 1152 filio,
761 1077 929 1138 secundam
941 1075 1209 1137 existimationem

193 1179 280 1240 circa
294 1180 529 1259 initia‘imperii
543 1182 688 1242 omuibus
702 1181 868 1242 lenociniis
883 1181 1060 1258 colligente,
1075 1181 1209 1241 honores

194 1285 380 1363 auspicatus
399 1286 595 1347 consulatum
620 1286 718 1363 gessit
739 1306 803 1347 una
822 1306 879 1365 per
903 1287 981 1347 duos

195 1408 332 1465 menses,
359 1390 527 1468 evenitque
552 1397 589 1452 ut
616 1391 764 1470 primitus
791 1391 981 1468 ingredienti

196 1512 268 1554 cum
301 1495 441 1556 fascibus
473 1496 578 1555 forum
606 1496 842 1575 praetervolans
874 1496 982 1573 aquila

198 1600 376 1661 dexteriore
398 1620 505 1661 umero
533 1601 717 1662 consideret.
762 1601 898 1663 Sortitus
920 1608 969 1661 est
993 1607 1025 1662 et
1045 1602 1084 1661 de
1110 1603 1210 1664 altero

199 1706 364 1766 consulatu
376 1706 410 1765 in
421 1713 569 1784 quartum
580 1726 714 1782 annum3
738 1706 959 1785 praeseditque
973 1726 1208 1797 nonnumquam

201 1811 388 1888 spectaculis
410 1812 444 1870 in
469 1813 530 1872 Gai
549 1812 660 1888 vicem,
685 1812 878 1873 acclamante
907 1812 1039 1890 populo:
1071 1815 1210 1873 Felicitcr

199 1916 315 1994 partim
324 1925 439 1992 patrm
458 1921 650 1993 imperatoris
664 1917 781 1995 partim
800 1919 976 1979 Germanici
983 1921 1100 1993 fratri!
1141 1920 1208 1977 Nec
1227 1934 1255 1979 15

168 2024 235 2080 8eo
255 2022 361 2082 minus
383 2022 582 2084 contumeliis
602 2000 756 2084 obnoxius
778 2023 869 2083 vixit.
912 2024 997 2083 Nam
1017 2029 1049 2083 et
1068 2023 1096 2085 si
1115 2023 1209 2101 paulo

201 2126 299 2187 serius
319 2127 360 2187 ad
379 2128 574 2205 praedictam
593 2146 686 2188 cenae
705 2128 814 2189 horam
834 2129 981 2189 occurris·
1007 2178 1112 2238 subject
1113 2180 1143 2226 sc
1152 2180 1180 2226 to

200 2237 255 2307 set,
270 2232 399 2292 nonnisi
411 2251 502 2308 aegre
513 2238 545 2293 et
556 2233 688 2293 circuito
699 2233 826 2293 demum
841 2233 981 2294 triclinio
1007 2252 1103 2300 usults
1113 2255 1163 2300 aru

200 2337 418 2416 recipiebatur,
439 2343 471 2397 et
490 2337 636 2416 quotiens
656 2344 727 2416 post
747 2339 852 2399 cibum
874 2339 981 2399 addor·
1006 2329 1101 2386 ww

200 2443 452 2519 misce1·et‚quod
467 2443 495 2503 ei
510 2443 577 2503 fere
592 2444 761 2519 accidebat,
776 2444 914 2505 olearum
929 2453 984 2506 aut
998 2447 1207 2525 palmularum
1225 2457 1254 2501 20

200 2548 322 2608 ossibus
341 2548 563 2623 incessebatur,
585 2549 744 2609 interdum
766 2549 869 2609 ferula
890 2550 1027 2627 flagroue
1046 2552 1134 2611 velut
1153 2572 1208 2630 per

199 2653 308 2713 ludum
324 2653 521 2714 excitabatur
539 2673 558 2714 a
577 2655 706 2732 copreis.
752 2655 901 2715 Solebant
920 2663 951 2717 et
970 2657 1114 2717 manibus
1134 2663 1209 2716 ster-

199 2759 296 2819 tentis
328 2760 409 2820 socci
446 2760 561 2835 induci,
590 2764 628 2819 ut
664 2766 793 2838 repente
826 2762 1065 2839 expergefactus
1093 2762 1208 2822 faciem

200 2865 326 2925 sibimet
348 2865 544 2926 confricaret.

169 2973 186 3022 9
240 2971 302 3031 Sed
321 2989 361 3030 ne
379 2971 615 3032 discriminibus
630 2971 758 3049 quidem
773 2972 881 3032 caruit.
926 2973 1067 3032 Primum
1082 2973 1117 3032 in
1139 2973 1208 3051 ipso
1224 2991 1254 3035 11

198 3076 374 3151 consulatu,
390 3077 474 3153 quod
493 3076 629 3137 Neronis
649 3081 682 3136 et
700 3076 807 3151 Drusi,
823 3077 959 3136 fratrum
981 3077 1132 3153 Caesaris,
1149 3083 1209 3139 sta-

199 3187 269 3241 tuas
282 3182 409 3257 segnius
420 3181 568 3241 locandas
580 3182 802 3259 ponendasque
816 3188 965 3256 curasset,
978 3201 1077 3259 paene
1092 3183 1207 3244 honore

199 3295 373 3349 summotus
391 3293 455 3362 est;
477 3287 591 3347 deinde
612 3292 761 3347 extraneo
781 3287 831 3346 vel
851 3287 945 3347 etiam
967 3287 1208 3349 domesticorum

199 3394 305 3471 aliquo
319 3393 482 3453 deferente
493 3390 619 3453 assidue
630 3392 778 3470 varieque
791 3391 994 3469 inquietatus.
1039 3394 1118 3455 Cum
1134 3413 1208 3455 vero

197 3499 322 3559 detecta
343 3503 427 3558 esset
452 3495 565 3575 Lepidi
590 3501 622 3556 et
647 3497 805 3557 Gaetulici
831 3497 1013 3573 coniurati0,
1037 3498 1152 3560 missus
1173 3500 1207 3558 in
1224 3512 1253 3557 30

198 3603 400 3664 Germaniam
423 3602 507 3661 inter
530 3601 650 3678 legatos
675 3602 716 3661 ad
744 3599 975 3677 gratulandum,
1000 3604 1098 3663 etiam
1122 3603 1207 3664 vitae
1297 3605 1299 3611 ‘

199 3709 374 3787 periculum
396 3706 486 3781 adiit,
508 3706 693 3781 indignante
714 3725 751 3767 ac
775 3707 929 3767 fremente
956 3708 1036 3800 {laio
1059 3715 1206 3785 patruum

1007 1365 1098 1413 Consul
1108 1368 1187 1413 under
1226 1393 1255 1440 10

1007 1439 1086 1488 onus
