2984 4359
517 270 628 321 nmnu
649 269 699 322 vn
752 270 858 322 unse.
1129 257 1194 324 129

193 464 248 521 que
262 463 384 504 veneno
398 449 454 504 aut
470 443 571 519 fame3
595 448 727 519 constat,
743 443 896 521 quosdam
915 462 986 503 cum
1003 443 1194 522 paedagogis

193 556 222 609 et
242 550 393 627 capsariis
414 567 478 609 uno
498 548 630 627 prandio
650 548 769 627 pariter
788 553 924 624 necatos,
946 547 1024 608 alios
1045 548 1194 609 diurnum

192 654 307 715 victum
322 654 499 733 prohibitos
514 672 671 732 quaerere.

147 764 178 815 37
229 758 346 821 Nullus
371 760 503 839 posthae
528 760 689 820 adbibitus
712 759 848 820 dilectus
872 765 927 820 aut
950 760 1061 820 modus
1089 759 1195 820 interi-

191 861 295 925 mendi
316 884 530 944 quoscumque
552 865 697 926 libuisset
718 882 913 942 quacumque
929 865 969 925 de
987 883 1089 926 causa.
1133 866 1225 926 Sede

190 990 228 1031 ne
249 971 288 1031 de
310 971 454 1049 pluribus
475 971 621 1046 referam,
645 969 828 1030 Saluidieno
849 969 949 1031 Orfito
969 970 1123 1031 obiectum
1145 977 1195 1031 est

190 1078 273 1154 quod
293 1077 441 1137 tabernas
462 1082 527 1137 tres
548 1076 587 1136 de
608 1075 701 1135 domo
719 1093 777 1136 sua
795 1075 878 1136 circa
894 1076 998 1135 forum
1011 1075 1194 1138 civitatibus

190 1183 229 1242 ad
250 1182 420 1243 stationem
441 1180 585 1257 locasset,
606 1179 717 1242 Cassio
738 1179 881 1256 Longino
901 1179 980 1241 iuris
999 1179 1142 1241 consulto
1158 1199 1195 1241 ao

189 1287 360 1348 luminibus
373 1288 491 1362 orbato,
502 1287 588 1364 quod
598 1284 632 1345 in
642 1291 749 1346 vetere
762 1285 874 1361 gentili
886 1291 1050 1346 stemmate
1061 1286 1093 1346 (l.
1105 1285 1195 1347 Cassi

189 1392 382 1471 percussoris
397 1392 540 1453 Caesaris
555 1391 708 1467 imagines
723 1390 915 1466 retinuisset,
926 1392 1025 1451 Paeto
1039 1390 1195 1451 Thraseae
1211 1399 1241 1445 1⁰

190 1498 311 1559 tristior
335 1504 368 1559 et
391 1497 565 1577 paedagogi
588 1496 705 1556 vultus.
749 1496 832 1556 Mori
856 1494 952 1557 iussis
973 1515 1037 1556 non
1059 1496 1195 1574 amplius

190 1623 282 1681 quam
303 1603 401 1663 trium
422 1603 569 1663 horarum
590 1601 728 1680 spatium
750 1600 860 1678 dabat,
885 1619 921 1661 ac
941 1620 982 1661 ne
1000 1601 1078 1679 qnid
1091 1619 1195 1662 morae

190 1708 407 1783 interveniret,
421 1707 559 1768 medicos
574 1707 761 1767 admovebat
775 1707 829 1785 qui
846 1711 1029 1767 cunctantes
1047 1705 1196 1766 continuo

189 1819 334 1875 curarent
346 1813 406 1893 (ita
416 1814 501 1873 enirn
510 1813 681 1873 vocabatur
693 1830 790 1872 venas
800 1810 911 1872 mortis
921 1811 1024 1888 gratia
1033 1811 1194 1894 incidere).

189 1919 337 1980 Creditur
356 1919 454 1979 etiam
474 1917 655 1997 polyphago
676 1917 801 1977 cuidam
820 1916 961 1995 Aegypti
980 1916 1111 1992 generis,
1131 1935 1196 1977 cru-
1212 1927 1241 1971 lt

188 2026 261 2085 dam
282 2042 410 2085 earnem
431 2029 464 2084 et
485 2021 641 2100 quidquid
662 2022 791 2082 daretur
810 2021 958 2081 mandere
978 2027 1113 2097 assueto,
1127 2040 1197 2081 con-

187 2129 313 2209 cupisse
327 2129 417 2189 vivos
432 2127 575 2188 homines
593 2126 758 2187 laniandos
777 2126 1045 2204 absumendosque
1064 2126 1194 2187 obicere.

186 2236 300 2296 Elatus
316 2233 506 2311 inflatusque
521 2231 621 2293 tantis
635 2231 724 2291 velut
738 2231 942 2307 successibus,
956 2231 1085 2308 negavit
1098 2251 1196 2308 quent

186 2333 280 2418 quam
301 2342 480 2416 principum
508 2342 597 2398 scisse
622 2340 695 2412 quid
718 2339 778 2396 sibi
801 2339 908 2411 liceret,
933 2337 1110 2416 multasque
1138 2356 1195 2397 nec

185 2445 301 2506 dubias
323 2443 568 2520 significationes
591 2461 683 2520 saepe
704 2441 787 2516 iecit,
807 2460 847 2501 ne
867 2441 999 2520 reliquis
1018 2442 1146 2520 quidem
1162 2461 1195 2503 se
1211 2448 1241 2494 2⁰

185 2570 356 2630 parsurum
368 2550 574 2624 senatoribus,
586 2567 723 2626 eumque.
733 2548 877 2607 ordinem
890 2548 1087 2608 sublaturum
1101 2565 1197 2625 quan·

186 2657 290 2734 doque
318 2674 336 2715 e
364 2674 397 2714 re
425 2654 552 2733 publiea
578 2673 614 2714 ac
643 2653 820 2732 provincias
848 2658 880 2712 et
908 2653 1063 2713 exercitus
1094 2653 1195 2731 equiti

186 2744 379 2822 Romanoao
394 2759 517 2820 libertis
531 2758 767 2837 permissurum.
810 2758 902 2819 Certe
912 2776 1013 2835 neque
1024 2758 1195 2820 adveniens

186 2885 290 2944 neque
319 2865 519 2944 proficiscens
548 2882 737 2942 quemquam
766 2862 873 2925 osculo
900 2862 1063 2942 impertiit,
1092 2882 1128 2924 ao
1155 2882 1195 2923 ne

187 2971 414 3033 resalutatione
442 2970 586 3048 quidem,
618 2975 650 3029 et
678 2969 712 3029 in
739 2969 932 3048 auspicando
959 2987 1051 3047 opere
1079 2968 1195 3029 Isthmi
1211 2982 1241 3028 ao

188 3097 303 3155 magna
317 3077 497 3155 frequentia
513 3076 596 3137 clare
611 3085 643 3135 ut
657 3080 716 3136 sibi
728 3096 765 3136 uc
776 3079 890 3153 populo
907 3078 1046 3137 Romano
1060 3077 1131 3135 bene
1147 3096 1196 3136 res

186 3192 312 3244 oawet
325 3182 457 3260 optavit,
474 3182 675 3243 dissimulata
689 3189 816 3242 senatus
831 3181 996 3242 mentione.

138 3296 174 3347 ³8
228 3290 291 3350 Sed
305 3306 364 3348 nec
377 3288 495 3366 populo
506 3294 561 3349 aut
571 3289 735 3348 moenibus
746 3288 868 3365 patriae
877 3286 1025 3366 pepercit.
1060 3286 1194 3348 Dicente

188 3395 325 3473 quodam
339 3393 373 3453 in
386 3412 527 3453 sermone
543 3393 718 3453 communi:

403 3498 505 3575 ιἘμοῦ
519 3499 649 3561 θανόντος
663 3503 728 3579 γαῖα
741 3499 870 3579 μιχθήτω
883 3501 953 3577 πυρί
963 3500 976 3557 Ι
1211 3513 1239 3559 30

188 3608 296 3679 Immo,
326 3603 442 3680 inquit,
471 3607 538 3679 ἐμοῦ
565 3605 685 3676 lower!
717 3601 873 3680 planeque
901 3602 947 3663 ita
974 3603 1060 3663 fecit.
1110 3605 1194 3664 Nam

187 3711 278 3789 quasi
301 3709 443 3769 offensus
464 3707 666 3767 deformitate
687 3712 828 3766 veterum
856 3706 1070 3767 aedificiorum
1090 3714 1124 3768 et
1144 3727 1195 3768 an·
