2984 4359
484 276 596 327 umus
619 276 671 327 111.
723 276 904 328 rmnarus.
1179 266 1199 329 3

194 467 232 509 ne
247 448 362 527 eapitis
381 448 507 527 quidem
526 448 692 526 quisquam
712 468 783 509 reus
801 449 886 526 apud
905 449 1057 527 populum
1078 455 1199 510 mutare

195 559 312 615 vestem
326 559 382 614 aut
396 553 556 631 deprecari
572 554 771 628 sustinuerit;
788 553 934 613 nonnulli
948 554 982 613 in
996 554 1199 615 altereatione

194 666 225 720 et
245 659 348 735 iurgio
368 658 512 719 tribunos
536 658 621 737 plebi
645 657 850 737 pulsaverint.
893 659 998 720 Etiam
1021 660 1109 736 virgo
1125 660 1200 721 Ves-

193 765 266 826 talis
281 766 423 839 fratrem,
435 764 559 824 iniussu
572 764 681 841 populi
692 764 952 843 triumphantem,
964 783 1093 826 ascenso
1104 765 1198 826 simul

194 891 294 945 curru,
309 889 409 947 usque
430 870 463 929 in
485 869 678 947 Capitolium
700 876 866 947 prosecuta
886 876 943 946 est,
962 890 1001 931 ne
1018 877 1125 931 vetare
1144 878 1231 934 auto

193 977 386 1036 intercedere
400 975 450 1035 fas
465 975 612 1052 cuiquam
626 975 824 1035 tribunorum
838 982 930 1036 esset.

165 1090 181 1138 3
232 1083 283 1141 Ex
296 1082 356 1141 hac
373 1080 472 1158 stirpe
490 1080 634 1141 Tiberius
653 1081 767 1141 Caesar
786 1099 883 1156 genus
900 1081 1009 1156 trahit,
1023 1086 1057 1141 et
1072 1081 1199 1159 quidem

194 1193 379 1263 utrumque:
408 1191 575 1263 paternum
602 1206 622 1246 a
645 1185 772 1245 Tiberio
796 1187 930 1261 Nerone,
956 1191 1134 1246 maternum·
1159 1188 1200 1247 ab

194 1292 299 1370 Appio
323 1290 470 1365 Pulchro
493 1290 548 1367 qui
573 1290 665 1352 ambo
685 1291 772 1369 Appi
797 1291 890 1352 Caeci
912 1290 972 1350 filii

194 1397 331 1456 fuerunt.
374 1396 518 1456 Insertus
532 1401 582 1456 est
596 1402 628 1456 et
642 1394 806 1455 Liviorum
821 1394 972 1470 familiae,

195 1503 343 1580 adoptato
357 1501 390 1559 in
405 1519 472 1560 eam
488 1506 629 1560 materno
640 1518 707 1560 avo.
743 1500 828 1570 Quae
840 1500 972 1576 familia,

195 1625 385 1685 quamquam
402 1605 535 1684 plebeia,
550 1611 657 1666 tamen
676 1606 795 1683 etipsa
811 1606 979 1665 admodum
997 1606 1112 1682 floruit,
1130 1613 1201 1668 octo

196 1711 419 1786 consulatibus,
435 1710 574 1771 censuris
589 1710 720 1784 duabus,
734 1710 906 1787 triumphis
920 1711 1032 1787 tribus,
1043 1712 1201 1773 dictatura

195 1818 291 1877 etiam
312 1835 349 1877 ao
370 1816 552 1891 magisterio
572 1815 715 1893 equitum
736 1815 906 1891 honorata,
928 1815 1013 1876 clara
1027 1822 1059 1877 et
1073 1817 1202 1895 insigni·

195 1922 253 1983 bus
273 1922 363 1997 viris,
389 1940 425 1981 ae
449 1921 585 1981 maxime
608 1920 784 1980 Salinatore
810 1920 994 1998 Drusisque.
1044 1922 1201 1983 Salinator
1217 1939 1247 1984 15

196 2028 358 2088 universas
388 2027 490 2087 tribus
519 2026 554 2113 in
581 2044 712 2086 censura
742 2025 866 2086 notarit
894 2024 1035 2087 levitatis
1064 2028 1200 2103 nomine,

196 2133 288 2211 quod,
311 2151 381 2192 cum
407 2150 440 2191 se
464 2137 536 2209 post
560 2131 695 2208 priorem
720 2131 917 2191 consulatum
941 2131 1043 2191 multa
1065 2132 1202 2209 irrogata

197 2239 464 2311 condemnassent,
502 2236 659 2296 consulem
698 2234 814 2295 iterum
853 2254 1073 2315 censoremque
1112 2238 1203 2299 fecis

998 1374 1137 1423 necatore
1147 1374 1174 1424 oi
1216 1411 1246 1457 10

998 1449 1113 1497 vberius

199 2349 274 2402 sent.
327 2344 460 2416 Drusus,
482 2340 622 2401 hostium
650 2340 728 2400 duce
756 2341 879 2401 Drauso
906 2342 1080 2402 comminus
1109 2342 1203 2403 truci·

199 2449 280 2523 dato,
300 2448 361 2508 sibi
381 2447 579 2525 posterisque
600 2446 666 2506 suis
686 2464 857 2522 cognomen
879 2446 1010 2507 invenit.
1052 2448 1203 2508 Traditur
1218 2461 1248 2506 ao

199 2553 292 2613 etiam
309 2557 526 2631 propraetore
543 2570 582 2611 ex
598 2550 761 2628 provincia
778 2550 885 2611 Gallia
903 2552 1065 2612 rettulisse
1082 2572 1202 2630 aurum,

201 2659 375 2723 Senonibus
402 2656 479 2716 olim
505 2657 540 2716 in
565 2656 727 2717 obsidione
755 2655 905 2733 Capitolii
932 2658 1050 2734 datum,
1072 2677 1139 2734 nec,
1167 2666 1203 2720 ut

200 2764 284 2824 fama
294 2769 352 2837 est,
368 2768 526 2822 extortum
541 2780 560 2821 a
573 2760 714 2823 Camillo.
751 2761 830 2821 Eius
844 2763 990 2840 abnepos,
1002 2763 1041 2822 ob
1055 2764 1203 2824 eximiam

201 2870 348 2928 adversus
360 2866 518 2928 Gracchos
532 2885 656 2944 operam
672 2871 823 2944 patronus
835 2873 962 2929 senatus
977 2868 1091 2943 dictus,
1101 2868 1204 2929 filium

201 2973 337 3051 reliquit,
353 2990 447 3050 quem
464 2972 499 3031 in
520 2971 619 3032 simili
639 2971 834 3031 dissensione
855 2972 957 3033 multa
973 2973 1060 3032 varie
1076 2974 1204 3035 molien-
1220 2989 1250 3035 as

202 3084 264 3137 tem
278 3079 404 3137 diversa
417 3077 516 3138 factio
529 3096 586 3154 per
599 3077 745 3136 fraudem
758 3077 928 3137 interemit.

173 3196 190 3243 4
240 3184 336 3243 Pater
357 3183 474 3258 Tiberi,
497 3187 644 3259 quaestor
665 3182 698 3243 C.
722 3181 865 3242 Caesaris
885 3182 1101 3246 Alexandrino
1121 3186 1205 3248 bello

203 3288 294 3350 classi
304 3287 513 3367 praepositus,
523 3287 692 3365 plurimum
704 3287 1072 3350 advictoriamcontulit.
1104 3291 1206 3362 Quare

205 3399 235 3452 et
248 3394 392 3471 pontifex
404 3393 439 3452 in
452 3391 555 3452 locum
568 3392 604 3452 P.
617 3391 774 3470 Scipionis
787 3392 978 3455 substitutus

206 3498 576 3559 camusnanesre
605 3497 744 3557 ousiam
772 3497 920 3575 colonas,
944 3499 977 3559 in
1004 3461 1147 3511 mm
1222 3512 1251 3558 a

203 3602 274 3679 quis
286 3605 396 3664 Narbo
410 3608 443 3662 et
456 3602 585 3662 Arelate
598 3608 696 3677 erant,
711 3602 826 3663 missus
840 3609 898 3663 est
940 3605 1059 3665 Tamen
1075 3606 1207 3666 Caesare

208 3709 312 3787 occiso,
334 3707 460 3770 cunetis
482 3706 645 3768 turbarum
666 3712 754 3768 metu
780 3707 984 3770 abolitionem
1005 3710 1085 3771 facti
1106 3711 1208 3771 decer·
