2984 4359
514 271 626 322 urnae
649 270 698 323 vr.
748 269 855 330 anno.
1127 256 1192 325 109

183 447 215 502 et
237 440 353 502 sororis
375 441 473 517 ioca*
489 440 691 519 querentibus
713 440 849 502 dominis
877 441 1052 502 factionum
1073 461 1193 520 reprae

184 547 338 608 sentanda
352 546 494 625 praemia
503 547 536 606 in
548 553 709 625 posterum
720 546 835 608 sanxit.
878 546 1056 609 Maiestatis
1067 566 1191 626 quoque

183 658 215 713 et
235 651 465 713 adulteriorum
487 651 661 730 incestique
682 670 754 712 cum
776 670 880 713 sorore
908 652 1030 731 Lepida
1056 653 1114 714 sub
1142 672 1192 713 cx·

183 776 272 819 cessu
287 757 395 817 Tiberi
411 775 492 832 reus,
507 756 681 817 mutatione
695 763 871 835 temporum
883 756 985 818 evasit
995 758 1191 837 decessitque

184 863 299 943 Pyrgis
320 862 429 924 morbo
451 880 551 939 aquae
572 861 749 938 intercutis,
771 861 898 923 sublato
918 862 985 922 filio
1005 862 1131 923 Nerone
1152 877 1222 924 exo

185 968 370 1048 Agrippina,
386 968 573 1028 Germanico
586 967 701 1044 genita

155 1082 174 1133 t
223 1075 309 1134 Nero
323 1079 418 1134 natus
433 1079 481 1140 cst
495 1074 575 1133 Anti
589 1079 662 1151 post
672 1072 776 1134 VIIII
791 1092 929 1134 mensem
941 1092 1035 1151 quam
1045 1073 1190 1135 Tiberius

186 1179 329 1254 excessit,
348 1179 465 1239 XVIII
488 1178 562 1238 Kal.
584 1179 650 1239 Ian.
675 1184 800 1239 tantum
826 1179 910 1255 quod
931 1179 1091 1240 exoriente
1116 1179 1189 1255 sole,

186 1303 283 1363 paene
310 1290 347 1343 ut
374 1284 473 1344 radiis
502 1282 590 1362 prius
617 1302 712 1360 quam
739 1289 825 1344 terra
850 1283 968 1343 contin-

185 1396 318 1465 geretur.
362 1391 409 1449 De
431 1390 577 1468 genitura
595 1388 663 1449 eius
685 1388 794 1450 statim
815 1387 916 1449 multa
936 1393 968 1449 et
994 1347 1159 1395 mmm
1207 1399 1236 1444 10

185 1493 397 1555 formidolosa·
411 1493 522 1553 multis
543 1493 803 1569 coniectantibus,
825 1493 987 1571 praesagio
1010 1493 1074 1553 fuit
1094 1492 1190 1553 etiam

185 1598 305 1659 Domiti
326 1598 426 1677 patris
440 1617 511 1673 vox,
526 1598 610 1658 inter
624 1598 851 1675 gratulationes
868 1598 1037 1659 amicorum
1053 1602 1190 1676 aequatis

185 1708 346 1779 quiequam
361 1723 397 1762 aa
410 1722 441 1763 se
456 1713 483 1763 et
493 1704 669 1782 Agrippina
683 1707 744 1763 crisi
757 1706 928 1764 detestabile
940 1713 967 1762 et
978 1706 1059 1763 malo
1067 1707 1190 1780 publico

110 1847 112 1850 .
184 1812 269 1868 eusci
293 1812 436 1884 potuisse.
494 1808 646 1869 Eiusdem
673 1808 800 1869 futurae
828 1808 1028 1868 infelicitatis
1065 1808 1189 1885 signum

97 1972 100 1976 .
184 1914 313 1974 evidens
339 1914 390 1973 die
414 1913 545 1975 lustrico
573 1913 718 1990 exstitit;
751 1933 824 1974 nam
850 1914 882 1974 C.
913 1915 1036 1990 Caesar,
1061 1921 1236 1990 rogantem

186 2038 287 2079 sorore
303 2025 338 2078 ut
352 2018 471 2078 infanti
491 2019 575 2096 quod
592 2019 690 2079 vellet
709 2038 822 2080 nomen
841 2019 939 2094 daret,
955 2020 1082 2080 intuens
1102 2019 1191 2080 Clau·

184 2124 272 2184 dium
286 2130 434 2203 patruum
449 2143 550 2200 suum,
566 2144 585 2185 a
599 2144 661 2202 quo
674 2144 748 2184 mox
763 2125 905 2204 principe
919 2126 1004 2185 Nero
1023 2126 1189 2203 adoptatus

185 2236 240 2305 est,
255 2234 321 2290 cias
335 2248 366 2289 se
381 2229 464 2289 dixit
482 2233 565 2305 dore,
581 2249 681 2307 neque
698 2230 767 2307 ipse
785 2230 866 2290 serio
880 2231 936 2291 sed
955 2249 1011 2309 per
1032 2230 1143 2307 iocum,
1158 2236 1191 2291 et

185 2341 373 2413 aspernante
388 2334 576 2413 Agrippina,
591 2336 675 2413 quod
691 2341 758 2395 tum
778 2335 930 2397 Claudius
949 2336 1033 2396 inter
1052 2335 1191 2397 ludibria

185 2440 273 2500 aulae
288 2448 364 2501 erat.
1206 2450 1236 2496 ae

224 2544 386 2605 Trimulus
409 2550 530 2623 patrem
552 2544 676 2622 amisit;
702 2547 790 2607 cuius
812 2552 961 2624 exparte
981 2546 1077 2607 tertia
1090 2545 1189 2623 heres,

185 2670 223 2711 ne
237 2651 318 2711 hanc
334 2649 461 2727 quidem
479 2650 633 2727 integram
653 2651 745 2729 cepit,
766 2651 918 2730 correptis
938 2670 993 2730 per
1007 2651 1190 2711 coheredem

185 2756 299 2817 Gaium
320 2755 478 2816 universis
499 2756 598 2816 bonis.
649 2757 692 2816 Et
713 2757 846 2817 subinde
867 2763 967 2817 matre
1016 2820 1021 2830 ,

185 2860 281 2922 etiam
311 2861 459 2938 relegata,
489 2880 588 2939 paene
622 2861 713 2939 inops
746 2867 841 2940 atque
873 2881 966 2939 egens
992 2820 1037 2866 ΕΙ·
1053 2820 1181 2867 cmm

184 2968 268 3045 apud
282 2966 413 3027 amitam
428 2966 579 3044 Lepidam
595 2965 735 3027 nutritus
751 2973 809 3043 est,
825 2969 883 3027 sub
901 2968 1022 3028 duobus
1041 2969 1192 3045 paedago-
1206 2984 1236 3030 at

184 3072 231 3149 gis
253 3072 403 3133 saltatore
425 3078 521 3150 atque
541 3078 675 3132 tonsore.
725 3074 843 3133 Verum
865 3072 997 3133 Claudio
1024 3071 1191 3151 imperium

183 3178 309 3256 adept0,
337 3196 401 3237 non
429 3177 531 3238 solum
567 3183 715 3256 paternas
747 3197 822 3257 opes
850 3177 1047 3256 reciperavit,
1077 3179 1131 3239 sed
1159 3184 1191 3239 et

184 3282 290 3361 Crispi
303 3282 449 3344 Passieni
464 3282 571 3344 vitrici
586 3284 635 3344 sni
649 3283 824 3345 hereditate
839 3284 959 3344 ditatus
973 3290 1030 3345 est.
1079 3285 1192 3346 Gratia

183 3389 312 3466 quidem
323 3393 356 3449 et
367 3388 509 3467 potentia
517 3395 679 3449 revocatae
688 3390 915 3467 restitutaeque
926 3390 1036 3450 matris
1045 3409 1144 3467 usque
1155 3409 1191 3450 eo

182 3492 299 3569 floruit,
315 3499 352 3553 ut
366 3499 526 3554 emanaret
544 3493 578 3553 in
592 3494 715 3572 vulgus,
729 3494 842 3556 missos
864 3515 883 3555 a
903 3495 1075 3555 Messalina
1095 3514 1191 3556 uxore
1207 3508 1236 3553 ao

183 3599 306 3674 Claudi,
323 3598 379 3676 qui
394 3617 465 3658 eum
480 3598 710 3675 meridiantem‚
725 3600 817 3677 quasi
832 3599 1008 3659 Britannici
1023 3600 1190 3675 aemulum,

186 3704 431 3783 strangularent.
475 3703 628 3765 Additum
650 3704 787 3781 fabulae,
810 3691 843 3766 at
867 3705 991 3765 eosdem
1017 3705 1150 3764 dracone
1174 3723 1192 3765 e
