2984 4359
491 295 602 347 umus
624 295 674 348 vn
724 294 831 347 unse.
1103 280 1168 346 189

167 484 227 524 rem
241 465 505 544 formidinemque
521 466 702 528 visentium.
744 466 837 526 Nihil
855 465 943 544 prius
959 470 1014 526 aut
1032 464 1132 542 magis
1149 484 1169 526 a

166 569 329 630 comitibus
353 576 500 648 exegerat
524 590 618 650 quam
646 590 685 631 ne
712 576 853 649 potestas
881 571 1026 648 cuiquam
1053 569 1167 647 capitis

166 675 212 734 sui
232 674 331 750 fieret,
354 676 410 735 sed
429 682 466 736 ut
486 694 613 754 quoquo
633 675 726 736 modo
746 681 832 736 totns
856 680 1052 735 cremaretur.
1095 676 1168 734 Per·

165 780 250 839 misit
264 779 322 839 hoc
337 780 441 842 Icelus
457 780 577 842 Galbae
591 780 734 856 libertus,
749 800 812 839 non
827 779 928 839 multo
944 786 1018 840 aute
1031 779 1166 840 vinculis

165 885 334 960 exsolutus,
349 885 383 944 in
398 904 477 963 quae
492 885 594 964 primo
608 884 747 945 tumultu
761 885 921 945 coniectus
935 884 1048 945 fuerat.
1183 902 1198 944 5

117 998 153 1049 5ο
202 991 378 1051 Funeratus
400 996 449 1050 est
469 990 612 1069 impensa
632 991 837 1051 ducentorum
861 989 995 1064 milium,
1017 988 1166 1065 stragulis

164 1095 242 1156 albis
267 1114 344 1155 auro
365 1096 506 1170 intextis,
525 1096 639 1174 quibus
660 1116 736 1157 usus
756 1095 829 1156 Kal.
846 1096 913 1156 Ian.
929 1096 1042 1155 fuerat.
1085 1095 1168 1155 Reli·

164 1201 253 1277 quias
280 1201 396 1277 Ecloge
424 1206 456 1261 et
483 1201 678 1261 Alexandria
704 1200 843 1261 nutrices
871 1219 940 1260 cum

162 1305 241 1365 Acte
266 1305 441 1366 concubina
464 1305 577 1382 gentili
601 1306 813 1366 Domitiorum
837 1323 943 1364 monu-

164 1417 266 1469 mento
281 1410 498 1484 condiderunt,
514 1411 598 1488 quod
612 1410 804 1489 prospicitur
818 1428 835 1469 e
852 1428 962 1488 campo
977 1408 1095 1469 Martio
1113 1409 1168 1467 im·
1183 1423 1213 1467 rc

162 1516 299 1592 positum
314 1515 459 1575 colliculo
474 1515 690 1575 Hortulorum.
733 1516 774 1574 In
788 1533 825 1575 eo
839 1521 1039 1575 monumento
1054 1513 1167 1575 solium

162 1620 376 1699 porphyretici
398 1620 572 1694 marmoris,
588 1626 786 1698 superstante
804 1620 943 1679 Lunensi
962 1638 1026 1695 ara,
1040 1619 1168 1679 circum·

162 1730 305 1803 saeptum
319 1731 368 1785 est
381 1725 485 1802 lapide
500 1725 624 1786 Thasie.

115 1840 147 1888 51
201 1832 332 1891 Statura
355 1829 419 1890 fuit
443 1849 540 1908 prope
561 1831 654 1906 iusta,
675 1850 805 1910 corpore
824 1829 983 1891 maculoso
1003 1836 1036 1890 et
1056 1829 1167 1905 fetido,
1278 1822 1283 1830 ’

162 1935 304 1996 subflavo
334 1934 458 2014 capilIn,
487 1936 579 1995 vultu
609 1936 741 2014 pulchro
774 1936 874 2011 magis
902 1920 996 2013 quam
1024 1940 1167 2010 venuste,
1184 1949 1213 1995 15

161 2040 259 2099 oculis
276 2040 389 2100 caesiis
408 2046 443 2101 et
459 2039 685 2115 hebetioribus,
700 2042 821 2100 cervice
840 2040 941 2116 obesa,

160 2148 269 2202 ventre
290 2142 437 2219 proiecto,
452 2142 638 2219 gracillimis
659 2145 810 2218 cruribus,
826 2144 943 2204 valetu·
968 2119 1124 2253 32:⁰⁸2ssoe

160 2246 233 2306 dine
261 2266 413 2325 prospera
438 2247 525 2326 (nam
550 2248 605 2326 qui
629 2247 772 2309 luxuriae
797 2249 943 2309 immode-

160 2351 339 2412 ratissimae
366 2359 458 2427 esset,
483 2359 532 2413 ter
559 2354 687 2413 omnino
714 2373 771 2432 per
795 2354 1043 2433 quattuordecim
1069 2374 1167 2415 annos

160 2455 295 2533 languit,
323 2463 417 2535 atque
445 2458 492 2518 ita
518 2464 555 2518 ut
581 2477 683 2537 neque
712 2460 785 2519 vino
813 2478 914 2536 neque
942 2460 1167 2520 cousuetudine
1183 2475 1213 2520 ao
1313 2492 1316 2498 ·

160 2563 285 2640 reliqua
307 2562 512 2644 abstineret);
541 2563 625 2624 circa
646 2563 767 2624 cultum
790 2564 995 2642 habitumque
1016 2565 1094 2624 adeo
1114 2585 1168 2643 pu-

161 2667 292 2742 dendus,
314 2672 350 2727 ut
371 2686 489 2728 comam
511 2687 635 2747 semper
656 2670 690 2728 in
710 2670 826 2747 gradus
847 2670 1014 2730 formatam
1035 2671 1167 2747 peregri-

159 2773 288 2832 natione
317 2772 455 2833 Achaica
485 2774 580 2835 etiam
611 2795 693 2853 pone
720 2776 870 2836 verticem
902 2775 1103 2851 summiserit,
1131 2794 1167 2835 ac

160 2878 355 2956 plerumque,
377 2880 593 2958 synthesinam
618 2883 761 2959 indutus,
783 2882 880 2958 ligato
908 2884 1022 2942 circum
1052 2881 1167 2942 collum

160 2984 287 3044 sudario
301 2984 454 3062 prodierit
468 2986 502 3045 in
516 2987 676 3064 publicum
688 2988 757 3049 sine
767 2989 873 3049 cinctu
883 2994 915 3049 ct
930 2988 1138 3049 discalciatus.
1183 3005 1212 3050 25

115 3094 148 3145 52
198 3089 357 3149 Liberalis
382 3090 568 3169 disciplinas
592 3093 694 3154 omnis
716 3094 784 3154 fere
808 3113 886 3172 puer
906 3094 1022 3170 attigit.
1066 3094 1128 3153 Sed
1148 3112 1168 3153 a

160 3193 363 3272 philosophia
382 3214 454 3255 euru
475 3203 575 3258 mater
595 3199 720 3273 avertit,
735 3219 865 3261 monens
886 3200 1077 3277 imperaturo
1098 3220 1168 3260 eon·

160 3299 291 3359 trariam
303 3318 389 3360 essex
410 3320 430 3361 a
443 3301 621 3379 cognitione
630 3308 772 3364 veterum
784 3311 941 3365 oratorum

161 3404 280 3465 Seneca
301 3411 495 3484 praeceptor,
521 3426 584 3485 quo
607 3408 728 3469 diutius
753 3410 786 3468 in
811 3410 942 3469 admira-
967 3384 1130 3507 {ffiffl

160 3509 246 3570 tione
275 3510 326 3570 sui
354 3511 518 3572 detineret.
575 3513 688 3591 Itaque
716 3516 757 3574 ad
787 3514 941 3592 poeticam
1183 3532 1212 3576 ³0

160 3632 286 3691 pronus,
308 3615 450 3676 earmina
473 3616 607 3677 libenter
629 3637 665 3678 ac
687 3618 755 3678 sine
777 3618 882 3679 labore
903 3620 1076 3698 composuit
1101 3638 1165 3694 nec,

161 3727 195 3779 ut
218 3721 349 3799 quidam
379 3725 502 3805 putant,
527 3720 631 3783 aliena
654 3742 711 3801 pro
738 3723 804 3784 suis
832 3722 941 3784 edidit.
984 3726 1105 3785 Venere
1133 3724 1167 3783 in

967 1265 1054 1312 Burin
