2984 4359
478 263 590 314 trans
613 264 664 315 m
718 264 899 328 mantuus.
1152 254 1195 321 18

188 435 214 498 si
234 435 313 515 quid
337 434 435 497 subiti
454 434 595 497 muneris
612 434 844 514 iniungendum
864 443 957 513 esset,
974 456 1031 517 per
1054 436 1193 521 libellos)

186 542 291 618 daret;
313 540 425 602 addita
440 540 613 602 monitione
629 547 675 619 ut,
690 543 729 603 de
748 534 811 621 quo
824 543 958 622 quisque
978 543 1146 619 dubitaret,
1160 562 1194 606 se

186 667 241 708 nec
261 646 325 707 alio
347 647 519 725 interprete
537 665 733 726 quacumque
754 648 805 708 rel
828 648 929 709 noctis
948 648 1025 709 hora
1042 653 1192 709 uteretur.

140 768 173 818 19
186 754 395 833 Disciplinam
417 753 567 814 acerrime
590 754 705 831 exegit,
726 754 1033 817 animadversionum
1054 760 1087 816 et
1109 756 1195 833 igno

186 861 354 921 miniarum
369 859 534 936 generibus
551 878 590 919 ex
608 859 798 938 antiquitate
818 860 970 939 repetitis,
985 866 1079 939 atque
1098 861 1224 922 etiams

185 966 287 1043 legato
302 964 447 1043 legionis,
459 964 544 1041 quod
558 983 673 1042 paucos
688 964 807 1025 milites
822 984 892 1025 curn
907 964 1021 1026 liberto
1035 984 1092 1026 suo
1105 972 1193 1027 trans

185 1071 286 1149 ripam
295 1075 446 1131 venatum
455 1068 604 1146 misisset,
616 1069 790 1146 ignominia
797 1076 913 1131 notato.
945 1070 1079 1146 Proelia,
1089 1090 1195 1148 quam·

184 1175 233 1237 vis
252 1175 421 1236 minimum
440 1175 586 1235 fortunae
603 1174 790 1253 casibusque
808 1175 1014 1253 permitteret,
1031 1174 1194 1254 aliquanto

185 1280 382 1343 constantius
398 1278 500 1340 inibat
515 1278 661 1357 quotiens
679 1278 865 1341 lucubrante
879 1299 921 1355 se,
937 1279 1041 1341 subito
1055 1298 1092 1340 ac
1105 1279 1194 1341 nullo

185 1386 388 1465 propellente,
407 1385 567 1446 decideret
587 1384 696 1445 lumen
711 1390 745 1446 et
761 1385 1007 1462 extingueretur,
1025 1384 1193 1461 confidens,
1210 1398 1240 1444 10

184 1496 220 1550 ut
240 1490 354 1565 aiebat,
377 1495 501 1550 ostento
521 1488 583 1550 sibi
604 1508 624 1550 a
643 1489 819 1550 maioribus
835 1490 901 1551 suis
920 1488 954 1548 in
973 1489 1059 1549 omni
1077 1489 1193 1550 ducatu

184 1595 413 1674 expertissimo.
458 1594 520 1655 Sed
540 1614 575 1656 re
593 1613 741 1673 prospere
761 1601 859 1672 gesta,
877 1614 940 1656 non
959 1593 1095 1655 multum
1111 1594 1194 1656 afuit

184 1701 262 1778 quin
278 1720 298 1761 a
317 1702 470 1761 Bructero
490 1700 623 1778 quodam
644 1699 848 1776 occideretur,
863 1699 914 1761 cui
931 1698 1015 1760 inter
1034 1700 1194 1778 proximos

185 1806 323 1868 versanti
347 1811 379 1867 et
400 1805 612 1884 trepidatione
629 1806 753 1866 detecto
773 1804 939 1866 tormentis
958 1822 1106 1884 expressa
1126 1824 1195 1864 con·

137 1927 172 1977 20
184 1911 281 1972 fessio
296 1917 345 1972 est
358 1910 489 1987 cogitati
508 1909 665 1972 facinoris.
708 1910 739 1969 A
759 1909 930 1972 Germania
944 1909 980 1969 in
998 1910 1108 1970 urbem
1122 1916 1194 1988 post
1210 1924 1239 1970 lo

184 2015 346 2077 biennium
361 2034 522 2093 regressus
539 2014 745 2093 triumphum,
761 2034 854 2094 quem
873 2014 970 2076 distu-

184 2121 272 2199 lerat,
287 2121 362 2199 egit,
378 2119 642 2199 prosequentibus
656 2121 753 2181 etiarn
767 2119 889 2197 legatis,
904 2120 971 2198 qui·

184 2228 240 2289 bus
254 2225 462 2305 triumphalia
482 2231 666 2286 ornamenta
686 2225 879 2304 impetrarat.
921 2225 969 2287 Ac

184 2332 271 2412 prius
294 2350 389 2410 quarn
418 2331 452 2390 in
478 2327 670 2409 Capitolium
694 2330 843 2406 flecteret,
868 2331 1074 2393 descendite
1102 2351 1194 2392 curru

185 2456 279 2515 seque
304 2434 499 2515 praesidenti
524 2434 608 2514 patri
631 2435 672 2496 ad
699 2454 802 2512 genua
829 2436 997 2498 summisit.
1040 2438 1194 2498 Batonem
1208 2457 1240 2505 so

183 2543 383 2604 Pannonium
398 2543 517 2618 ducem,
534 2541 715 2619 ingentibus
732 2542 882 2603 donatum
900 2543 1058 2621 praemiis,
1074 2545 1195 2603 Raven-

183 2669 256 2710 nam
277 2648 451 2723 transtulit,
468 2648 603 2725 gratiam
622 2648 773 2723 referens,
790 2647 874 2725 quod
894 2650 1103 2727 sequendam
1122 2667 1194 2708 cum

183 2754 324 2815 exercitu
346 2752 517 2832 iniquitate
538 2751 599 2813 loci
624 2752 865 2813 circumclusum
889 2772 1001 2832 passus
1022 2759 1105 2815 esset
1126 2771 1194 2814 eva

184 2860 264 2920 dere.
308 2858 482 2919 Prandium
505 2857 618 2919 dehinc
634 2858 757 2937 'populo
777 2858 865 2919 mille
887 2858 1013 2935 mensis,
1036 2865 1068 2920 et
1092 2858 1194 2936 congi-

184 2964 285 3025 arium
313 2970 454 3025 trecenos
484 2982 629 3024 nummos
664 2962 786 3023 viritim
820 2963 916 3024 dedit.
959 2963 1128 3025 Dedicavit
1161 2969 1194 3025 et
1208 2986 1239 3033 ω

184 3069 374 3131 Concordiae
395 3069 513 3145 aedem,
530 3069 606 3130 item
627 3068 767 3131 Pollucis
782 3074 815 3129 et
834 3068 973 3131 Castoris
995 3088 1052 3130 suo
1073 3069 1194 3131 fratris

136 3192 244 3253 21que
265 3175 401 3251 nomine,
418 3175 456 3236 de
478 3174 642 3236 manubiis.
686 3176 735 3236 Ac
752 3194 816 3234 non
834 3175 935 3235 multo
953 3180 1035 3253 post,
1049 3174 1118 3252 lege
1137 3193 1193 3253 per

184 3279 328 3341 consules
341 3279 409 3341 lata
427 3286 464 3340 ut
481 3280 660 3359 provincias
674 3299 746 3340 curn
761 3278 908 3357 Augusto
923 3279 1130 3340 communiter
1143 3280 1194 3340 ad·

184 3386 379 3448 ministraret
405 3386 560 3464 simulque
588 3403 715 3447 censum
740 3391 856 3462 ageret,
882 3384 1008 3446 condito
1035 3384 1135 3445 lustro
1158 3384 1193 3443 in

185 3490 350 3571 Illyricum
370 3490 532 3569 profectus
547 3495 603 3550 est.
645 3491 689 3550 Et
708 3492 817 3551 statim
836 3508 875 3550 ex
896 3489 1009 3550 itinere
1028 3494 1192 3549 revocatus
1208 3507 1239 3555 ao

185 3594 246 3657 iam
271 3595 399 3676 quidem
424 3594 591 3670 adiectum,
611 3594 666 3655 sed
686 3600 793 3655 tamen
815 3592 986 3674 spirantem
1009 3593 1110 3654 adhuc
1132 3592 1194 3653 Au·

186 3706 313 3778 gustum
331 3697 472 3778 repperit
490 3697 616 3775 fuitque
634 3717 698 3760 una
716 3704 835 3760 secreto
853 3717 908 3777 per
927 3703 1030 3759 totum
1048 3697 1142 3758 diem.

994 2099 1092 2148 Ratun
1101 2102 1129 2147 to
1138 2099 1187 2156 trs

995 2174 1050 2234 orry
