2984 4359
306 246 370 310 108
408 258 437 311 c.
458 259 615 309 surrour
634 259 864 322 rsauourrnr
882 260 932 311 un
953 261 1046 311 vrrs
1065 261 1269 313 cansarum

305 450 361 491 nec
380 431 443 492 nisi
457 431 601 510 partibus
614 432 731 510 ubique
746 432 921 511 profligatis
936 435 979 492 M.
996 434 1137 494 Antonio
1152 440 1264 513 sponte
1280 440 1314 495 et

304 536 442 612 ingentis
453 536 559 597 meriti
572 537 640 597 loco
654 536 803 613 tradidit;
826 538 973 615 solusque
984 539 1124 598 omnium
1139 558 1178 599 ex
1193 540 1244 614 iis,
1255 540 1313 617 qui

304 642 373 720 pari
392 642 461 719 lege
481 643 622 702 damnati
636 649 735 719 erant,
751 643 918 704 restitutus
939 643 973 702 in
994 644 1139 721 petriam,
1156 644 1312 723 amplissi-

303 766 371 809 mos
385 747 519 809 honores
533 748 743 826 percucurrit3
766 766 801 809 ao
816 748 948 810 subinde
962 749 1177 825 redintegrata
1193 750 1313 811 dissen-

272 865 288 910 t
304 852 391 912 sione
405 853 502 928 civili,
512 853 613 913 eidem
628 853 768 913 Antonio
781 854 912 930 legatus,
926 854 1063 914 delatam
1078 854 1141 915 sibi
1155 874 1310 916 summam

302 958 427 1037 imperii
442 958 546 1033 abiis,
561 978 639 1036 quos
660 958 845 1037 Cleopatrae
864 959 1011 1038 pudebat,
1029 978 1130 1038 neque
1153 960 1311 1038 suscipere

303 1081 552 1141 nequerecusare
560 1064 830 1142 fidenterpropter
839 1064 976 1125 subitam
984 1065 1197 1126 valetudinem
1204 1084 1310 1154 ausus,

302 1169 431 1229 transiit
445 1170 485 1229 ad
500 1169 679 1245 Augustum
694 1174 726 1229 et
743 1168 777 1228 in
796 1169 907 1230 diebus
927 1172 1034 1247 paucis
1053 1170 1141 1245 obiit,
1157 1169 1312 1230 nonnulla

302 1280 334 1334 et
348 1275 416 1352 ipse
430 1274 564 1335 infamia
578 1293 733 1351 aspersus.
784 1274 869 1334 Nam
887 1273 1046 1335 Antonius
1064 1294 1135 1334 eum
1153 1274 1310 1335 desiderio

258 1395 287 1441 10
302 1380 421 1439 amicae
436 1379 588 1439 Serviliae
602 1379 717 1440 Naidis
732 1379 942 1456 transfugisse
956 1378 1094 1439 iactavit.

342 1486 391 1544 Ex
412 1485 471 1545 hoc
493 1484 652 1544 Domitius
680 1485 829 1560 nascitur,
851 1502 944 1561 quem
964 1491 1138 1563 emptorem
1166 1485 1340 1547 familiares

302 1590 513 1669 pecuniaeque
542 1590 576 1648 in
602 1595 794 1649 testamento
818 1587 956 1665 Augusti
983 1589 1084 1651 fnisse
1111 1609 1184 1649 mox
1214 1589 1309 1666 vulgo

527 1700 669 1754 notatum
692 1700 749 1769 est,
771 1713 833 1754 non
862 1695 967 1754 minus
995 1693 1161 1771 aurigandi
1185 1700 1253 1755 arte
1274 1696 1309 1754 in

301 1777 347 1823 Εἰ·
358 1778 449 1837 ‘¹⁸¹⁶'
527 1799 741 1859 adulescentia
754 1799 858 1860 clarus
873 1818 967 1876 quam
981 1799 1095 1859 deinde
1114 1800 1308 1859 ornamentis

299 1849 386 1898 tamer

257 1921 285 1967 15
526 1903 772 1982 triumphalibus
791 1922 831 1963 ex
850 1904 1037 1964 Germanico
1054 1904 1147 1963 bello.
1190 1906 1307 1965 Verum

301 2028 458 2085 arrogans,
470 2009 628 2087 profusus,
640 2008 771 2069 immitis
786 2027 945 2069 censorem
960 2010 995 2068 L.
1011 2008 1165 2069 Plancum
1179 2010 1233 2069 via
1247 2008 1306 2069 sibi

225 2108 228 2119 '
300 2114 449 2174 decedere
470 2113 583 2175 aedilis
604 2113 722 2190 coegit3
744 2119 908 2192 praeturae
929 2114 1172 2191 consulatusque
1191 2114 1307 2174 honore
1484 2111 1485 2188 1

300 2220 422 2297 equites
436 2220 597 2279 Romanos
612 2224 833 2296 matronasque
852 2219 893 2278 ad
912 2219 1068 2294 agendum
1087 2217 1220 2278 mimum
1240 2207 1307 2297 pro

300 2324 392 2384 duxit
405 2325 441 2383 in
460 2344 611 2385 scaenam.
661 2323 855 2385 Venationes
872 2329 904 2383 et
920 2325 954 2382 in
968 2323 1050 2384 circo
1064 2329 1097 2383 et
1110 2324 1145 2383 in
1162 2324 1305 2385 omnibus

255 2446 284 2490 20
299 2430 387 2490 urbis
408 2429 589 2505 regionibus
610 2429 707 2503 dedit,
729 2447 845 2488 munus
872 2428 968 2489 etiam
995 2428 1228 2505 gladiatorium,
1251 2430 1306 2489 sed

299 2541 389 2595 tanta
410 2534 552 2610 saevitia,
576 2539 614 2594 ut
639 2552 766 2594 necesse
789 2533 888 2592 fuerit
908 2513 1053 2610 Augusto
1077 2532 1159 2593 olam
1186 2534 1306 2595 frustra

524 2639 679 2699 monitum
713 2638 817 2698 edicto
851 2656 999 2698 coercere.
1079 2639 1129 2697 Ex
1165 2638 1335 2703 Antonias

524 2745 641 2804 maiore
673 2733 794 2821 patrem
830 2743 966 2803 Neronis
1001 2743 1188 2821 procreavit,
1221 2744 1305 2803 omni

299 2858 388 2931 parte
402 2849 488 2910 vitae
508 2848 734 2909 detestabilem.
779 2848 943 2924 Siquidem
961 2866 1063 2908 comes
1083 2849 1123 2908 ad
1144 2847 1305 2909 Orientem

253 2979 282 3024 25
298 2959 331 3018 d.
349 2955 492 3017 Caesaris
506 2954 639 3029 iuvenis,
655 2952 757 3014 occiso
771 2952 884 3012 liberto
899 2972 964 3028 suo,
979 2954 1064 3029 quod
1083 2959 1192 3032 potare
1212 2973 1306 3031 quan-

297 3070 365 3123 tum
381 3062 546 3121 iubebatur
560 3058 889 3133 recusarat-dimissus
903 3077 920 3117 e
935 3058 1062 3118 cohorte
1075 3059 1247 3120 amicorum
1262 3060 1306 3118 ni·

298 3169 365 3228 hilo
379 3166 552 3227 modestius
566 3164 657 3223 vixit.
695 3163 757 3223 Sed
771 3168 802 3223 et
816 3164 850 3222 in
860 3162 939 3224 Viae
954 3163 1078 3248 Appiae
1091 3163 1163 3224 vico
1176 3171 1304 3243 repente

297 3292 430 3352 puerum
445 3271 551 3332 citatis
565 3268 716 3330 iumentis
735 3267 821 3328 haud
837 3267 966 3343 ignarus
985 3268 1125 3342 obtrivit,
1141 3275 1173 3330 et
1187 3271 1305 3331 Romae

298 3378 402 3437 medio
437 3378 507 3436 foro
540 3375 664 3435 cuidam
697 3374 797 3450 equiti
829 3373 972 3433 Romano
1004 3373 1134 3435 liberius
1167 3374 1306 3451 iurganti

253 3501 283 3545 so
299 3482 423 3542 oculum
442 3481 542 3555 eruit;
572 3478 720 3557 perfidiae
735 3496 809 3537 vero
823 3483 939 3553 tantae,
951 3483 988 3537 ut
1002 3497 1065 3537 non
1084 3479 1178 3539 modo
1200 3499 1306 3556 argen-

298 3586 396 3646 tarios
411 3585 524 3665 pretiis
539 3603 642 3643 rerum
662 3587 883 3660 coemptarum,
899 3582 954 3642 sed
969 3587 1001 3641 et
1015 3583 1049 3641 in
1062 3591 1212 3661 praetura
1230 3605 1306 3645 mer-

299 3691 374 3751 cede
391 3689 567 3768 palmarum
586 3686 759 3762 aurigarios
778 3687 992 3763 fraudaverit,
1022 3693 1151 3750 notatus
1170 3691 1211 3750 ob
1230 3691 1305 3751 haec

298 2706 344 2752 llis
354 2704 442 2752 iether
