2984 4359
297 271 362 337 132
399 282 431 336 c.
450 283 607 335 surronr
626 282 856 347 rainerum
868 284 925 334 nr
946 284 1037 334 vrrs
1057 284 1262 337 cansarum

296 460 338 520 Τὸ
357 458 466 539 τέχνιον
485 459 559 535 ἡμᾶς
582 456 729 535 inopine,
751 475 813 533 quo
837 455 952 516 maiore
982 456 1102 517 seilicet
1124 458 1216 519 venia
1245 478 1309 520 me

296 562 451 624 ditaretur
486 562 729 622 citharoedicam
764 568 873 636 artem,
902 561 1039 639 principi
1074 562 1135 622 sibi
1171 570 1307 641 gratam,

297 668 421 748 privato
442 666 659 727 necessariam.
711 666 950 743 spoponderant
975 673 1082 726 tamen
1105 668 1235 745 quidam
1256 671 1308 730 de

297 774 410 835 stituto
432 770 571 833 Orientis
593 769 848 845 dominationem,
864 771 1009 830 nonnulli
1032 772 1219 833 nominatim
1240 794 1307 852 reg-

266 898 373 944 tnum
394 877 696 955 Hierosolymorum,
718 875 824 954 plures
846 876 947 937 omnis
977 876 1130 954 pristinae
1157 879 1305 941 fortunae

297 983 538 1045 restitutionem.
582 983 641 1045 Cui
661 981 728 1060 spei
750 982 885 1061 pronior,
906 983 1074 1043 Britannia
1093 985 1305 1063 Armeniaque

297 1089 414 1151 amissa
426 1109 462 1150 ac
476 1108 584 1149 rursus
603 1094 736 1166 utraque
754 1093 887 1166 recepta,
904 1088 1089 1148 defunctum
1105 1108 1137 1149 se
1151 1090 1304 1152 fatalibus

298 1195 391 1256 malis
405 1194 615 1256 existimabat.
669 1195 717 1255 Ut
731 1212 813 1269 vero,
829 1193 973 1253 consulto
994 1194 1130 1273 Delphis
1145 1195 1303 1272 Apolline,

299 1300 588 1379 septuagensimum
600 1318 635 1360 ao
646 1299 776 1359 tertium
786 1317 902 1358 annum
913 1299 1087 1359 cavendum
1100 1299 1160 1360 sibi
1172 1301 1303 1376 audivit,

254 1419 284 1464 10
298 1406 389 1485 quasi
410 1424 446 1465 eo
468 1406 594 1464 demum
615 1404 769 1479 obiturus,
784 1422 819 1464 ac
838 1403 921 1462 nihil
942 1404 1120 1465 coniectans
1143 1405 1180 1466 de
1202 1413 1304 1467 aetate

202 1570 204 1574 .
300 1511 427 1586 Galbae,
442 1516 533 1570 tanta
552 1510 669 1570 fiducie
686 1528 750 1569 non
770 1509 864 1568 modo
883 1514 1040 1569 senectam
1056 1510 1220 1571 sedetiam
1240 1531 1306 1589 per·

299 1622 426 1695 petuam
454 1614 708 1693 singularemque
735 1613 878 1692 concepit
907 1614 1102 1690 felicitatem,
1124 1621 1160 1674 ut
1182 1616 1304 1677 amissis

299 1721 465 1798 naufragio
480 1719 719 1798 pretiosissimis
733 1721 827 1780 rebus
843 1737 907 1778 non
924 1718 1118 1780 dubitaverit
1133 1720 1216 1780 inter
1234 1741 1304 1782 suos

300 1827 412 1902 dicere,
422 1830 522 1902 pisces
536 1845 589 1885 cos
602 1828 662 1885 sibi
674 1828 832 1885 relaturos.

255 1947 284 1993 1⁶
340 1931 475 2008 Neapoli
490 1924 529 1991 de
547 1936 636 1990 motu
654 1929 831 1992 Galliarum
842 1929 997 2006 ‚cognovit
1015 1930 1066 1990 die
1081 1930 1151 2010 ipso
1165 1952 1228 2010 quo
1246 1952 1306 1993 ma

300 2042 381 2097 trem
394 2031 560 2111 occideret,
572 2037 711 2112 adeoque
726 2036 811 2095 lente
827 2054 864 2095 ac
878 2053 986 2095 secure
999 2035 1076 2096 tulit
1091 2043 1127 2097 nt
1142 2038 1305 2112 gaudentis

300 2142 397 2202 etiam
423 2141 632 2219 suspicionem
656 2141 828 2220 praeberet,
857 2146 1020 2218 tamquam
1048 2141 1209 2202 occasione
1233 2150 1308 2203 nata

301 2247 534 2326 spoliandarum
551 2246 620 2305 iure
634 2246 712 2306 belli
729 2244 1042 2325 opulentissimarum
1058 2247 1306 2324 provinciarum

301 2353 472 2430 statimque
493 2352 527 2411 in
552 2352 753 2431 gymnasium
777 2370 971 2430 progressus,
994 2352 1145 2413 certantis
1172 2354 1307 2413 athletas

255 2471 286 2517 ac
301 2457 493 2517 effusissimo
512 2458 618 2517 studio
638 2456 801 2535 spectavit.
846 2457 948 2518 (lenae
968 2475 1092 2534 quoque
1113 2463 1252 2537 tempore
1266 2459 1309 2517 in-

301 2561 488 2641 terpellatus
505 2561 801 2623 tumultuosioribus
820 2561 946 2637 litteris,
963 2560 1115 2622 hactenus
1131 2564 1308 2638 excanduit,
1412 2585 1414 2588 ·

301 2673 339 2728 ut
351 2667 470 2728 malum
484 2667 524 2728 iis
535 2667 591 2745 qui
602 2667 778 2728 descissent
792 2666 974 2727 minaretur.
1018 2666 1163 2746 Denique
1177 2675 1310 2747 perocto

301 2773 466 2835 continuos
482 2773 549 2833 dies
564 2792 627 2832 non
642 2773 812 2834 rescribere
828 2772 983 2850 cuiquam,
996 2791 1060 2832 non
1074 2774 1223 2833 mandare
1234 2774 1310 2851 quid

303 2885 358 2940 aut
371 2879 549 2957 praecipere
564 2884 704 2953 conatus,
717 2897 783 2937 rem
798 2877 925 2960 silentio
940 2876 1144 2937 oblitteravit.
1188 2879 1310 2939 Ediotis
1323 2890 1358 2941 41

257 3001 288 3047 ab
302 2985 432 3045 tandem
444 2983 589 3045 Vindicis
610 2982 845 3043 contumeliosis
859 2988 892 3043 et
907 2982 1126 3060 frequentibus
1141 2991 1310 3066 permotus,

304 3096 448 3151 senatum
467 3089 658 3168 epistulam
672 3089 823 3149 ultionem
847 3089 896 3148 sui
916 3088 1023 3166 reique
1043 3089 1188 3168 publicae
1205 3089 1312 3150 adhor-

304 3200 391 3255 tatus
409 3200 467 3270 est,
482 3201 631 3255 excusato
653 3195 802 3271 languore
823 3195 971 3269 faucium,
988 3200 1117 3271 propter
1136 3214 1229 3272 quem
1249 3214 1312 3254 non

305 3300 437 3360 adesset.
480 3299 573 3359 Nihil
596 3306 701 3360 autem
723 3319 822 3378 aeque
843 3299 954 3375 doluit,
971 3319 1065 3377 quarn
1084 3304 1121 3359 ut
1140 3299 1258 3359 malum
1280 3318 1312 3360 se

306 3405 521 3466 citharoedum
541 3405 729 3483 increpitum
749 3424 786 3466 ac
804 3424 862 3483 pro
880 3406 1006 3464 Nerone
1026 3404 1248 3466 Aenobarbum
1264 3425 1314 3484 ap

261 3529 292 3576 ao
307 3510 469 3590 pellatum.
512 3512 555 3570 Et
570 3530 683 3571 nomen
701 3511 830 3589 quidem
849 3510 976 3587 gentile,
991 3510 1075 3587 quod
1095 3511 1156 3572 sibi
1176 3530 1232 3589 per
1246 3530 1314 3572 con-

307 3615 471 3677 tumeliam
492 3617 741 3695 exprobraretur,
763 3622 996 3694 resumpturum
1018 3636 1051 3677 se
1071 3617 1234 3694 professus
1257 3622 1313 3692 est,

308 3721 452 3800 deposito
475 3721 633 3800 adoptivo,
650 3727 755 3782 cetera
770 3720 920 3796 convicia,
932 3727 969 3782 nt
989 3721 1082 3798 falsa,
1101 3741 1165 3781 non
1186 3722 1249 3783 alio
1270 3741 1315 3784 ar·
