2984 4359
452 270 562 322 urana
585 271 634 322 1v.
688 271 720 323 c.
744 270 941 324 camenae
1156 262 1200 325 43

192 450 247 505 aut
266 444 381 518 filium,
401 443 491 521 quasi
512 443 605 522 plane
627 442 674 503 ita
694 462 820 505 neeesse
842 450 935 520 esset,
955 443 1051 504 etiam
1072 464 1199 521 aegrum

194 549 418 611 Germanicum
438 547 633 624 gravissimis
655 548 820 608 verborum
842 567 878 608 ac
899 567 1002 608 rerum
1024 550 1199 611 acerbitati-

193 655 249 715 bus
270 653 362 714 nullo
387 652 528 712 adhibito
552 653 644 713 modo
665 653 801 729 adfecit;
823 660 951 731 propter
972 673 1062 731 quae,
1084 662 1120 714 ut
1140 658 1200 716 Ro

194 778 274 819 mam
295 759 403 835 rediit,
419 776 517 837 paene
538 758 715 835 discerptus
735 777 754 818 a
772 757 897 837 populo,
913 778 932 818 a
951 767 1062 820 senatu
1084 762 1198 839 capitis

161 864 361 929 adamnatus
390 869 447 923 est.
503 862 619 924 Omnes
653 862 840 923 Germanico
870 865 1008 942 corporis
1039 866 1229 945 animiquec

193 969 336 1044 uirtutes,
352 973 384 1027 et
410 973 543 1045 quantas
562 967 681 1026 nemini
705 968 861 1045 cuiquam,
876 969 973 1029 eonti-

193 1075 273 1150 gisse
288 1074 368 1135 satis
383 1078 522 1133 constat:
545 1073 679 1132 formam
699 1080 731 1133 et
752 1074 972 1135 fortitudinem

192 1180 357 1257 egregiam,
381 1178 543 1253 ingenium
563 1177 597 1236 in
619 1183 752 1255 utroque
775 1178 972 1257 eloquentiae

191 1284 415 1360 doctrinaeque
436 1302 548 1358 genere
569 1283 771 1360 praecellens,
793 1285 1042 1347 benevolentiam
1063 1288 1198 1365 singula-

191 1409 264 1465 rem,
293 1387 570 1464 conciliandaeque
599 1388 761 1447 hominum
790 1390 909 1467 gratiae
937 1409 973 1451 ac
1000 1394 1197 1470 promerendi
1214 1409 1243 1453 10

191 1496 304 1555 amoris
326 1494 442 1553 mirum
464 1500 496 1553 et
517 1493 626 1553 efficax
648 1494 797 1554 studium.
851 1496 982 1556 Formae
1002 1497 1108 1558 minus
1129 1517 1198 1558 con-

190 1601 321 1676 gruebat
334 1599 495 1677 gracilitas
510 1618 644 1673 crurum,
655 1600 710 1659 sed
723 1618 762 1659 ea
772 1619 894 1678 quoque
909 1600 1063 1678 paulatim
1077 1604 1197 1681 repleta

191 1706 317 1765 assidua
335 1704 409 1782 equi
426 1704 602 1763 vectatione
622 1710 694 1782 post
712 1705 825 1765 cibum.
870 1706 1004 1766 Hostem
1023 1708 1196 1769 comminus

191 1829 281 1888 saepe
296 1809 461 1887 percussit.
507 1808 619 1870 Oravit
632 1830 742 1872 causas
754 1811 849 1871 etiam
862 1811 1078 1889 triumphalis3
1101 1818 1196 1890 atque

190 1915 271 1975 inter
285 1921 392 1975 cetera
411 1915 587 1975 studiorum
607 1916 800 1976 monimenta
818 1916 948 1994 reliquit
968 1923 999 1977 et
1020 1919 1195 1979 comoedias
1213 1936 1241 1981 15

190 2022 334 2081 Graecas.
371 2000 465 2080 Domi
476 2022 616 2099 forisque
626 2021 740 2096 civilis,
753 2021 852 2082 libera
862 2040 898 2082 ac
909 2023 1071 2083 foederata
1080 2023 1196 2102 oppida

190 2126 256 2187 sine
271 2127 435 2187 lictoribus
450 2128 564 2187 adibat.
610 2127 716 2188 Sicubi
731 2126 890 2187 clarorum
901 2128 1038 2187 virorum
1053 2128 1196 2207 sepulcra

189 2239 397 2309 cognosceret,
423 2234 554 2295 inferias
580 2235 728 2295 Manibus
754 2233 857 2293 dabat.
914 2234 1083 2294 Caesorum
1106 2234 1195 2294 clade

189 2339 327 2399 Variana
341 2344 463 2400 veteres
477 2359 514 2400 aa
528 2341 686 2418 dispersas
704 2339 854 2416 reliquias
871 2358 935 2398 uno
951 2338 1072 2398 tumulo
1090 2338 1196 2400 huma·

189 2452 287 2519 turus,
298 2444 446 2522 colligere
461 2464 518 2506 sua
531 2466 626 2506 manu
641 2450 673 2504 et
688 2450 880 2523 comportare
896 2444 1015 2522 primus
1029 2445 1195 2521 adgressus
1211 2465 1241 2511 ao

190 2558 245 2611 est.
303 2552 573 2614 Obtrectatoribus
602 2554 707 2628 etiam,
736 2552 979 2629 qualescumque
1007 2557 1040 2611 et
1067 2557 1195 2628 quanta·

190 2676 321 2735 eumque
343 2658 382 2716 de
402 2677 497 2718 causa
516 2664 650 2719 nanctus
671 2666 764 2731 esset,
784 2656 865 2716 lenis
887 2657 964 2716 adeo
985 2662 1016 2715 et
1037 2657 1194 2732 innoxius,

189 2770 225 2823 ut
248 2764 359 2823 Pisoni
384 2764 509 2825 decreta
531 2785 587 2825 sua
607 2765 808 2839 rescindenti,
834 2764 998 2824 clientelas
1023 2763 1194 2838 divexanti,

190 2891 252 2930 non
273 2871 361 2949 prius
381 2892 562 2933 suscensere
583 2874 615 2933 in
638 2874 776 2933 animum
799 2871 969 2945 induxerit,
991 2890 1083 2948 quam
1107 2889 1195 2930 vene-

190 2976 270 3037 ficiis
290 2996 415 3055 quoque
434 2954 466 3037 et
484 2979 704 3040 devotionibus
723 2978 901 3057 impugnari
921 2996 954 3038 se
973 2978 1241 3055 comperissemus

191 3100 226 3142 ac
243 3102 283 3142 ne
301 3088 377 3143 tunc
397 3084 525 3160 quidem
544 3084 629 3144 ultra
647 3104 839 3162 progressus,
855 3102 948 3161 quam
968 3088 1004 3142 ut
1023 3083 1194 3143 amicitiam

191 3187 219 3245 ei
243 3206 328 3247 more
357 3188 509 3248 maiorum
538 3190 733 3249 renuntiaret
760 3189 987 3266 mandaretque
1014 3188 1194 3248 domesticis

161 3291 351 3367 4ulti0nem‚
368 3293 395 3353 si
410 3294 488 3370 quid
503 3295 563 3355 sibi
583 3294 745 3354 accideret.
789 3294 926 3364 Quarum
940 3286 1096 3353 virtutum
1115 3294 1196 3353 fruc·

189 3402 257 3456 tum
272 3398 466 3458 uberrimum
479 3398 563 3472 tulit,
574 3399 620 3459 sic
631 3400 780 3476 probatus
792 3404 824 3458 et
835 3397 970 3458 dilectus
1019 3462 1024 3473 ,

190 3521 208 3561 a
223 3504 297 3578 suis,
312 3509 349 3563 ut
363 3503 536 3579 Augustus,
555 3502 680 3581 (omitto
700 3503 783 3563 enirn
802 3503 971 3564 necessitu-
995 3461 1195 3521 Hmmmmty
1212 3522 1241 3568 so

162 3639 165 3645 .
189 3607 278 3668 dines
293 3608 447 3688 reliquas)
464 3608 519 3667 diu
533 3613 697 3668 cunctatus
712 3628 753 3668 an
768 3608 829 3668 sibi
841 3626 1048 3668 successorem
1062 3606 1197 3666 destina
1251 3642 1253 3644 >

189 3719 244 3788 ret,
266 3712 484 3791 adoptandum
504 3711 630 3772 Tiberio
652 3712 790 3789 dederit3
820 3712 865 3773 sie
886 3711 982 3788 vulgo
1003 3709 1195 3784 favorabilis,

997 1051 1043 1099 His
1054 1052 1125 1099 noble

997 1126 1118 1185 qualities
