2984 4359
289 244 351 305 112
389 255 419 306 C.
443 256 600 307 SUETONI
617 254 847 319 TRANQUILH
865 256 916 305 DE
936 255 1028 306 VITA
1048 255 1252 307 CAESARUM

285 427 357 505 pius
374 427 515 505 publice;
537 427 683 488 recitavit
697 432 731 488 et
744 425 892 502 earmina,
908 446 971 487 non
985 427 1078 490 modo
1093 427 1179 488 domi
1194 428 1249 488 sed
1264 433 1296 488 et

285 531 320 591 in
334 531 467 607 theatro,
480 537 571 592 tanta
591 531 808 593 universorum
828 531 959 606 laetitia,
975 538 1011 593 ut
1025 532 1065 593 ob
1079 532 1295 593 recitationem

285 637 475 716 supplicatio
491 637 617 697 decreta
631 637 682 712 sit,
698 655 796 714 eaque
810 655 883 715 pars
903 636 1077 698 carminum
1095 637 1198 699 aureis
1212 637 1297 699 litte·

285 743 329 805 ris
344 742 414 804 Iovi
430 742 609 821 Capitolino
624 741 737 803 dicata

253 860 269 906 o
326 847 581 927 Spectaculorum
597 846 734 925 plurima
748 853 780 907 et
794 843 884 908 varia
902 866 1017 924 genera
1030 848 1147 908 edidit:
1170 849 1344 909 iuvene-11

284 955 340 1029 les,
352 954 514 1029 circenses,
529 953 685 1013 scaenicos
697 952 798 1027 ludos,
811 951 1033 1028 gladiatorium
1045 972 1168 1013 munus.
1204 955 1302 1014 Iuve'

512 1057 637 1118 nalibus
666 1075 756 1118 senes
785 1075 908 1134 quoque
938 1056 1119 1118 consulares
1152 1078 1293 1137 anusque

284 1124 431 1184 mm
512 1169 671 1223 matronas
699 1161 818 1240 recepit
850 1162 891 1223 ad
922 1161 1035 1223 lusum.
1092 1149 1292 1225 Circensibus

284 1270 353 1331 loca
371 1268 472 1346 equiti
496 1274 615 1329 secreta
638 1286 657 1327 a
679 1267 793 1328 ceteris
817 1267 937 1342 tribuit,
953 1266 1172 1346 commisitque
1197 1269 1292 1330 etiam

239 1383 268 1428 1o
283 1373 472 1435 camelorum
495 1373 672 1450 quadrigas.
717 1373 827 1446 Ludis,
849 1391 927 1451 quos
949 1391 1007 1451 pro
1028 1373 1216 1434 aeternitate
1239 1374 1294 1434 im-

283 1480 363 1559 perii
397 1484 558 1557 susceptos
588 1478 741 1556 appellari
775 1480 923 1538 maximos
948 1477 1060 1554 voluit,
1089 1496 1128 1538 ex
1159 1484 1292 1558 utroque

282 1585 391 1647 ordine
415 1590 447 1644 et
475 1603 552 1644 sexu
580 1584 722 1662 plerique
756 1583 892 1644 ludicras
922 1588 1027 1660 partes
1057 1584 1276 1646 sustinuerunt
1283 1608 1291 1662 ;

282 1690 467 1752 notissimus
495 1708 591 1767 eques
617 1690 778 1748 Romanus
806 1687 975 1767 elephanto
1004 1688 1207 1766 supersidens
1237 1709 1293 1769 per

282 1795 496 1857 catadromum
531 1794 727 1868 decucurrit3
766 1793 895 1853 inducta
922 1793 1038 1853 Afrani
1065 1799 1183 1871 togata,
1213 1814 1293 1873 quac

237 1917 265 1962 15
282 1903 461 1963 Incendium
482 1899 673 1980 inscribitur,
697 1879 940 1976 concessumque
965 1905 1001 1957 ut
1026 1898 1161 1959 scaenici
1186 1901 1294 1961 arden-

281 2009 324 2069 tis
355 2008 465 2068 domus
501 2003 730 2082 supellectilem
766 2002 940 2081 diriperent
968 2021 1004 2063 ao
1032 2004 1093 2065 sibi
1121 2004 1291 2082 haberent3

282 2132 391 2192 sparsa
405 2117 438 2173 et
451 2109 568 2189 populo
585 2108 720 2169 missilia
737 2107 877 2168 omnium
892 2127 996 2167 rerum
1011 2126 1067 2187 per
1081 2129 1189 2170 omnes
1204 2111 1290 2171 dies:

281 2217 407 2295 singula
427 2216 543 2277 cotidie
565 2214 654 2273 milia
675 2213 782 2273 avium
802 2213 954 2292 cuiusque
975 2215 1107 2291 generis,
1123 2215 1293 2295 multiplex

281 2343 390 2403 penus,
413 2329 550 2383 tesserae
576 2319 811 2394 frumentariae,
837 2319 945 2394 vestis,
970 2338 1090 2395 aurum,
1115 2327 1291 2397 argentum,

236 2441 266 2485 no
281 2447 430 2507 gemmae,
453 2425 648 2501 margaritae,
673 2423 798 2484 tabulae
819 2423 932 2502 pictae,
952 2424 1120 2503 mancipia,
1141 2425 1290 2501 iumenta,

280 2541 375 2613 atque
395 2533 492 2593 ctiam
516 2535 699 2590 mansuetae
723 2529 819 2604 ferae,
839 2529 1010 2590 novissime
1032 2549 1138 2606 naves,
1157 2532 1290 2607 insulae,

280 2641 355 2718 agri.
400 2640 469 2698 Hos
484 2636 574 2696 ludos
590 2634 746 2713 spectavit
758 2653 775 2694 e
787 2635 961 2712 proscaenii
976 2636 1116 2712 fastigio.
1149 2639 1291 2713 Munere,
1307 2655 1343 2706 12

280 2746 364 2825 quod
388 2745 423 2803 in
448 2740 682 2819 amphitheatro
708 2738 813 2816 ligneo
841 2740 966 2815 regione
992 2741 1103 2802 Martii
1124 2742 1229 2821 campi
1249 2743 1293 2803 in-

279 2859 330 2912 tra
354 2850 429 2911 anni
452 2841 590 2926 spatium
615 2845 771 2906 fabricato
800 2844 898 2920 dedit,
922 2847 1081 2906 neminem
1103 2848 1228 2924 occidit,
1253 2868 1293 2908 ne

234 2964 263 3008 Ἃ
279 2955 444 3017 noxiorum
465 2953 610 3031 quidem;
634 2951 779 3011 exhibuit
800 2957 905 3010 autern
920 2952 960 3012 ad
975 2954 1095 3013 ferrum
1110 2953 1206 3014 etiam
1221 2974 1294 3032 qua

280 3063 464 3137 dringentos
490 3064 650 3117 senatores
677 3062 899 3134 sescentosque
924 3058 1046 3134 equites
1072 3060 1241 3136 Romanos,
1261 3066 1294 3120 et

280 3167 432 3245 quosdam
447 3165 593 3224 fortunae
609 3168 704 3239 atque
720 3160 964 3222 existimationis
980 3162 1129 3240 integrae,
1140 3184 1179 3223 ex
1191 3165 1293 3225 isdem

279 3271 441 3331 ordinibus
468 3270 662 3329 confectores
688 3284 810 3343 quoque
834 3267 971 3326 ferarum
993 3274 1026 3328 et
1047 3269 1135 3330 varia
1156 3270 1293 3332 harenae

280 3375 473 3451 ministeria3
497 3372 643 3434 exhibuit
657 3377 690 3431 et
703 3370 922 3431 naumachiam
939 3373 1061 3434 marina
1077 3393 1168 3451 aqua,
1183 3376 1293 3437 innan·

234 3485 264 3529 3⁰
279 3483 365 3542 tibus
381 3480 501 3553 beluis3
524 3478 601 3537 item
616 3474 780 3554 pyrrichas
798 3476 950 3553 quasdam
972 3497 989 3536 e
1011 3497 1142 3539 numero
1161 3481 1294 3558 ephebo

279 3607 358 3661 rum,
393 3584 509 3665 quibus
544 3587 616 3659 post
648 3580 765 3640 editam
793 3598 918 3657 operam
947 3581 1123 3660 diplomata
1150 3585 1294 3648 civitatis

283 3694 442 3750 Romanae
470 3685 604 3764 singulis
638 3684 761 3744 obtulit.
785 3727 792 3742 .
816 3729 854 3745 ..
905 3686 1015 3747 Icarus
1047 3687 1150 3767 primo
1184 3692 1294 3753 statim
