2984 4359
502 287 614 338 msna
637 288 686 339 vr
739 288 846 341 nnnc.
1116 276 1179 344 119

173 457 457 521 diversissimorum
468 465 644 538 temporum
653 466 736 536 sunt,
747 461 816 537 cogi
825 461 859 522 iu
867 481 965 522 unum
976 481 1102 538 annum,
1114 463 1180 540 qui-

173 564 302 625 busdam
316 565 413 625 etiam
428 565 560 641 iteratis,
575 565 678 640 iussit,
694 574 725 626 et
736 566 903 646 Olympiae
917 586 1041 646 quoque
1055 577 1179 646 praeter

172 671 430 730 consuetudinem
454 670 608 730 musicum
627 689 729 747 agona
756 671 923 732 commisit.
966 673 1013 731 Ao
1037 692 1077 733 ne
1101 674 1179 751 quid

172 774 252 834 circa
265 775 343 835 haec
361 781 548 854 occupatum
567 782 713 837 avocaret
726 776 934 853 *detineretve
950 797 1019 837 cum
1038 797 1179 856 praesen·

171 879 217 939 tia
236 880 304 941 eius
325 880 450 940 urbicas
471 899 520 940 res
541 899 631 957 egere
653 900 672 941 a
692 881 806 941 liberto
831 882 928 942 Helio
948 883 1209 960 admoneremus

171 985 332 1063 rescripsit
347 984 398 1045 his
412 985 533 1047 verbis:

212 1091 359 1165 Qarumeris
381 1111 460 1150 neno
479 1100 565 1151 teum
583 1096 742 1152 oonmlr'ram
764 1097 804 1151 sit
823 1102 850 1152 et
868 1103 969 1153 cotom
988 1097 1120 1155 celeriter
1135 1115 1178 1155 re·
1245 1157 1249 1165 ,

13 1189 14 1192 ’
78 1206 81 1211 ’
169 1201 243 1255 uerti
256 1216 314 1271 me,
334 1205 434 1255 termo
451 1200 578 1256 suadem
601 1206 629 1256 et
651 1206 753 1273 equore
771 1202 875 1273 potius
896 1202 992 1274 debes,
1007 1208 1039 1258 ut
1057 1202 1177 1260 Nerone

170 1304 278 1378 dapnes
292 1310 433 1360 reuertar.

208 1406 365 1467 Cantante
380 1424 425 1480 ec,
436 1424 477 1466 ne
491 1407 669 1468 necessaria
679 1408 807 1485 quidem
822 1427 916 1468 causa
930 1409 1078 1469 excedere
1093 1409 1178 1471 thee
1195 1424 1223 1469 ιο

169 1516 217 1571 tro
230 1510 356 1570 licitum
371 1516 428 1570 est.
471 1511 585 1589 Itaque
600 1518 632 1571 et
646 1512 757 1572 enixae
772 1512 925 1589 quaedam
940 1514 974 1573 in
990 1515 1176 1593 spectaculis

169 1615 327 1691 dicuntur,
349 1622 382 1675 et
402 1616 496 1676 multi
520 1616 626 1676 taedio
647 1617 797 1677 audiendi
819 1617 1039 1696 laudandique,
1061 1620 1176 1681 clausis

169 1722 355 1799 oppidorum
384 1721 494 1799 portis,
523 1728 578 1782 aut
605 1722 718 1782 furtim
747 1722 914 1784 desiluisse
942 1724 981 1784 de
1005 1744 1094 1785 muro
1121 1733 1176 1785 aut

170 1833 268 1886 morte
284 1825 434 1886 simulata
446 1826 557 1887 funere
574 1826 658 1887 elati.
702 1827 803 1897 Quam
817 1834 921 1888 autem
937 1830 1058 1907 trepide
1073 1831 1177 1890 anxie·

169 1950 228 2008 que
253 1931 431 2007 certaverit,
453 1939 573 2008 quanta
596 1932 846 1993 adversariorum
871 1934 1089 2010 aemulatione,
1115 1956 1176 2013 quo
1193 1950 1222 1994 ro

170 2031 255 2096 metu
270 2036 420 2112 iudicum,
431 2038 485 2096 vix
499 2038 584 2097 credi
599 2044 711 2116 potest.
753 2039 968 2113 Adversarios,
979 2041 1068 2117 quasi
1083 2041 1176 2118 plane

169 2141 361 2201 condicionis
375 2141 526 2217 eiusdem,
538 2142 713 2218 observare,
728 2149 864 2221 captare,
880 2144 1033 2204 infamare
1048 2153 1175 2221 secreto,

168 2268 404 2325 nonnumquam
425 2266 464 2307 ex
485 2268 613 2308 occursu
636 2248 813 2308 maledictis
835 2251 998 2323 incessere,
1014 2269 1049 2309 ac
1071 2251 1098 2310 si
1120 2252 1175 2329 qui

168 2360 234 2412 arte
259 2352 494 2430 praecellerent,
519 2371 715 2429 corrumpere
740 2352 837 2412 etiam
865 2353 993 2413 solebat.
1050 2355 1175 2415 Iudices

167 2460 275 2516 autem
290 2454 377 2532 prius
392 2473 486 2531 quam
506 2454 657 2532 inciperet
672 2453 925 2514 reverentissime
939 2452 1175 2531 adloquebatur,
1192 2470 1221 2516 no

168 2564 273 2620 omnia
294 2579 325 2619 se
341 2562 488 2635 socienda
503 2562 621 2634 fecisse,
637 2562 688 2618 sed
713 2567 849 2618 eventum
868 2562 901 2618 ia
921 2578 1016 2619 manu
1029 2578 1090 2618 esse
1104 2562 1176 2620 For·

168 2675 280 2739 tunae,
301 2667 369 2724 illos
387 2673 420 2723 ut
442 2668 586 2741 sapientia
607 2673 635 2723 et
649 2667 749 2723 doctos
769 2667 850 2723 ciros
865 2667 997 2739 fortudo
1013 2667 1116 2724 debere
1132 2685 1178 2724 era

168 2774 306 2845 cladem·
334 2776 438 2847 atque,
460 2776 497 2830 ut
517 2772 647 2830 auderet
671 2768 882 2843 hortantibus
904 2770 1050 2847 aequiore
1071 2770 1177 2830 animo

168 2876 343 2951 recedebat,
363 2895 399 2936 ae
417 2896 457 2936 ne
476 2877 667 2954 sicquidem
687 2876 756 2935 sine
777 2873 1001 2948 sollicitudine,
1016 2875 1177 2935 taciturni-

167 2988 268 3043 tatem
289 2982 503 3061 pudoremque
524 2982 723 3061 quorundam
745 3000 802 3058 pro
824 2978 958 3039 tristitia
981 2985 1014 3039 et
1034 2980 1177 3058 maligni·
1193 2998 1222 3043 no

122 3087 155 3139 24
168 3094 235 3149 tate
249 3107 384 3164 arguens
402 3096 626 3167 suspectosque
648 3087 707 3147 sibi
728 3086 844 3146 dicens.
887 3085 926 3143 In
942 3084 1089 3144 certando
1102 3104 1177 3145 vero

168 3195 214 3256 ita
235 3195 300 3273 legi
323 3195 515 3271 oboediebat,
536 3202 573 3256 ut
595 3213 765 3271 numquam
788 3210 948 3253 exscreare
974 3233 1020 3280 Εἰ,
1032 3234 1170 3282 ,metm-

168 3320 273 3376 ausus,
286 3302 432 3362 sudorem
446 3319 569 3378 quoque
581 3300 696 3360 frontis
708 3298 836 3360 brachio
850 3299 949 3358 deter-
974 3307 1099 3356 fmmmce
1109 3311 1137 3356 to

103 3471 106 3479 ,
169 3414 273 3485 geret3
295 3414 391 3484 atque
410 3408 505 3466 etiam
523 3406 557 3465 in
574 3406 694 3482 tragico
711 3406 844 3482 quodam
867 3410 947 3478 actu,
974 3384 1028 3430 ‘¹¹¹⁸

168 3533 239 3575 oum
258 3513 403 3592 elapsum
422 3511 567 3572 baculum
586 3510 649 3570 cito
668 3509 897 3588 resumpsisset,
913 3509 1047 3586 pavidus
1066 3510 1099 3565 et
1118 3524 1178 3565 me
1193 3519 1223 3564 so

168 3627 260 3680 tuens
279 3637 319 3677 ne
335 3617 376 3676 ob
387 3615 535 3675 delictum
551 3613 720 3674 certamine
736 3619 992 3687 summoveretur,
1008 3632 1069 3673 non
1085 3610 1177 3670 aliter

168 3723 375 3785 confirmatus
395 3725 444 3780 est
462 3739 556 3797 quam
575 3718 740 3779 adiurante
762 3717 937 3797 hypocrita,
956 3737 1018 3777 uon
1040 3716 1178 3777 animad-
