2984 4359
312 234 354 301 72
388 245 419 300 o.
445 245 601 299 sunrcnr
622 246 852 312 munorum
875 248 925 299 ur
945 246 1036 299 vrrs
1058 245 1258 300 cmsnauu

311 419 449 480 indicere
471 419 600 495 solebat,
617 426 741 499 praeter
761 419 865 499 equile
885 439 1089 482 marmoreum
1113 426 1145 480 et
1166 438 1308 499 praesepe

310 524 480 586 eburneum
501 531 686 604 praeterque
709 545 866 604 purpurea
887 532 1068 603 tegumenta
1089 545 1124 585 ac
1147 525 1275 585 monilia
1293 543 1309 585 e

310 630 452 707 gemmis,
463 630 590 690 domum
605 631 699 691 etiam
714 637 747 691 et
761 630 915 691 familiam
930 637 962 691 et
976 630 1201 709 supellectilem
1218 630 1310 707 dedit,

310 754 372 814 quo
386 735 504 796 lautius
518 735 644 796 nomine
655 736 723 797 eius
734 736 862 797 invitati
873 736 1101 815 acciperentur;
1118 735 1311 797 consulatum

278 858 295 904 o
310 861 433 920 quoque
447 842 584 903 traditur
598 842 780 904 destinasse.

350 948 403 1008 Ita
418 948 621 1008 bacchantem
639 954 735 1026 atque
751 952 946 1025 grassantem
962 966 1025 1008 non
1039 946 1143 1009 defuit
1156 947 1311 1025 plerisque
1323 957 1358 1008 56
1473 931 1474 996 ἶ

309 1052 433 1114 animus
447 1053 572 1113 adoriri.
610 1053 673 1113 Sed
686 1072 751 1113 una
764 1053 925 1131 alteraque
936 1052 1167 1131 conspiratione
1181 1053 1311 1128 detecta,
1473 1049 1474 1058 ’

536 1158 609 1219 aliis
633 1178 690 1237 per
717 1159 857 1236 inopiam
885 1157 1057 1219 occasionis
1084 1157 1311 1233 cunctantibus,

309 1258 481 1319 0⁰⁰⁸1³²¹⁸⁶¹⁰⁸
537 1264 599 1323 duo
633 1262 800 1325 consilium
838 1263 1146 1324 communicaverunt
1180 1263 1313 1342 perfecc·

264 1383 294 1429 10
308 1334 465 1455 &plastris
536 1374 681 1446 nmtque,
700 1388 764 1428 non
785 1368 853 1429 sine
873 1368 1064 1430 conscientia
1083 1368 1313 1447 potentissimo

535 1493 605 1533 rum
628 1473 814 1534 libertorum
834 1474 1125 1552 praefectorumque
1146 1472 1312 1551 praetorii3

309 1579 394 1657 quod
407 1579 471 1657 ipsi
485 1597 609 1657 quoque
623 1578 685 1640 etsi
698 1576 786 1639 falso'
796 1579 830 1639 in
845 1579 980 1657 quadam
994 1578 1209 1640 coniuratione
1223 1578 1314 1657 quasi

308 1684 480 1763 participes
494 1684 657 1760 nominati,
672 1692 835 1763 suspectos
853 1691 959 1745 tamen
974 1703 1007 1745 se
1021 1689 1054 1745 et
1067 1684 1188 1745 invisos
1202 1684 1315 1744 sentis

308 1790 393 1850 bant.
436 1791 519 1850 Nam
540 1796 573 1849 et
592 1789 700 1850 statim
723 1790 862 1851 seductis
884 1809 1029 1867 magnam
1050 1790 1128 1850 fecit
1151 1789 1313 1866 invidiam,

263 1906 292 1952 15
308 1894 461 1955 destricto
480 1894 584 1970 gladio
606 1894 764 1956 affirmans
787 1905 889 1971 sponte
910 1915 942 1955 sc
956 1900 1138 1972 peritarum,
1158 1899 1187 1954 ai
1205 1903 1232 1955 et
1251 1896 1314 1954 illia

307 2009 402 2060 morte
415 2004 525 2078 dipnus
541 2003 701 2076 videretur,
716 2019 774 2060 nec
795 1999 931 2061 cessavit
948 2019 987 2060 ex
1006 2019 1043 2060 eo
1061 1999 1222 2061 criminari
1240 1999 1314 2060 alte

307 2124 378 2164 rum
392 2105 484 2165 alteri
499 2110 594 2183 atque
607 2105 691 2165 inter
706 2124 738 2165 se
753 2106 855 2165 omnis
869 2106 1072 2166 committere.

348 2211 429 2272 Cum
452 2209 625 2290 placuisset
652 2210 808 2271 Palatinis
836 2210 920 2271 ludis
948 2209 1126 2288 spectaculo
1154 2229 1312 2286 egressum

306 2316 439 2375 meridie
460 2316 598 2392 adgredi,
613 2316 732 2394 primas
750 2316 811 2376 eibi
832 2322 937 2394 partes
958 2315 1085 2377 Cassius
1107 2316 1248 2376 Chaerea
1260 2313 1313 2375 tri·

260 2435 292 2483 20
307 2421 409 2482 bunus
428 2422 565 2482 cohortis
586 2421 760 2499 praetoriae
777 2421 968 2500 depoposcit,
986 2440 1080 2500 quem
1098 2420 1197 2482 Gaius
1217 2420 1313 2480 senio

306 2545 374 2587 rem
387 2527 449 2587 iam
465 2533 502 2587 ut
515 2526 641 2586 mollem
656 2533 689 2587 et
702 2527 918 2587 effeminatum
938 2527 1085 2587 denotare
1099 2526 1186 2587 omni
1200 2526 1312 2604 probro

306 2642 472 2697 consuerat
485 2641 517 2695 et
531 2635 623 2694 modo
638 2635 762 2710 signum
781 2634 903 2712 petenti
921 2634 1073 2711 Priapum
1090 2639 1145 2693 aut
1158 2634 1309 2702 Venerem

306 2741 391 2817 dare,
415 2741 508 2800 modo
532 2759 571 2799 ex
596 2739 702 2816 aliqua
723 2758 818 2800 causa
841 2739 948 2814 agenti
969 2739 1086 2815 gratias
1110 2738 1310 2799 osculandam

213 2897 215 2900 ,
306 2866 435 2906 manum
463 2845 575 2905 offerre
602 2844 772 2904 formatam
806 2849 1055 2922 commotamque
1083 2843 1118 2903 in
1145 2844 1313 2904 obscenum

260 2964 291 3011 25
307 2951 442 3011 modum.

346 3057 485 3141 Futurae
506 3055 611 3116 caedis
630 3054 732 3115 multa
745 3054 889 3133 prodigia
902 3054 1102 3115 exstiterunt.
1145 3052 1313 3132 Olympiae
1325 3067 1360 3120 rt

306 3159 510 3222 simulacrum
535 3161 631 3235 Iovis,
655 3160 741 3237 quod
766 3159 898 3220 dissolvi
924 3159 1154 3237 transferrique
1178 3159 1311 3219 Romam

533 3265 702 3344 placuerat,
718 3271 842 3325 tanturn
857 3264 1043 3324 cachinnum
1057 3270 1187 3342 repente
1201 3261 1311 3339 edidit,

533 3377 569 3431 ut
591 3371 744 3432 machinis
769 3371 934 3431 labefactis
958 3371 1085 3449 opifices
1109 3370 1310 3447 diffugerint3

262 3484 292 3531 ao
535 3476 778 3554 superuenitque
794 3476 868 3537 ilico
883 3476 1013 3553 quidam
1030 3475 1158 3538 Cassius
1177 3475 1311 3550 nomine,

307 3579 428 3641 iussum
440 3599 473 3641 se
488 3581 609 3640 somnio
619 3580 777 3640 affirmans
791 3581 953 3641 immolare
968 3588 1094 3641 taurum
1108 3581 1186 3640 Iovi.
1223 3580 1312 3658 Capi·

307 3684 419 3744 tolium
441 3685 565 3762 Capuae
580 3685 627 3744 Id
644 3686 722 3743 Mar.
738 3685 778 3745 de
792 3685 878 3745 caelo
895 3690 1014 3745 tactum
1028 3690 1086 3761 est,
1100 3684 1178 3744 item
1192 3686 1313 3746 Romae

307 3348 508 3410 Prodigiesfore·

307 3424 398 3484 boding
410 3425 487 3471 death
