2984 4359
438 304 549 374 uranu
572 304 621 355 rr.
675 304 705 356 c.
731 304 929 357 caurauni.
1141 296 1184 361 49

128 484 163 534 14
177 485 210 539 et
235 479 397 538 alumnum
422 477 668 556 appellantium
699 477 902 556 ingressoque
930 479 1048 556 urbem,
1074 481 1183 541 statim

176 602 332 644 consensu
353 589 480 643 senatus
500 589 532 643 et
551 582 756 662 irrumpentis
772 583 804 642 in
819 583 937 644 curiam
951 585 1071 661 turbae,
1086 585 1184 648 inrita

177 688 297 748 Tiberii
313 687 485 763 voluntate,
502 688 556 765 qui
571 694 763 748 testamento
777 688 912 748 alterum
929 694 1076 767 nepotem
1091 707 1183 748 suum

177 798 410 872 praetextatum
435 793 537 853 adhuc
562 792 746 853 coheredem
772 792 802 853 ei
826 793 964 868 dederat,
986 794 1036 855 ius
1061 796 1182 857 arbitri-

177 918 290 977 umque
313 898 453 958 omnium
475 918 575 958 rerum
600 898 650 957 illi
671 898 860 977 permissum
880 906 937 975 est,
952 905 1043 959 tanta
1056 901 1213 978 publicat

177 1004 300 1065 laetitia
322 1010 357 1063 ut
378 1003 479 1063 tribus
500 1003 653 1081 proximis
672 1003 834 1065 mensibus
853 1023 890 1064 ac
909 1023 948 1064 ne
962 1005 1039 1065 totis
1054 1006 1181 1083 quidem

177 1098 271 1188 supra
280 1114 408 1170 centum
420 1108 584 1185 sexaginta
594 1108 683 1168 milia
693 1109 893 1170 victimarum
904 1129 996 1170 caesa
1005 1111 1178 1171 tradantur.

214 1216 295 1277 Cum
316 1215 429 1274 deinde
451 1233 566 1292 paucos
587 1221 660 1293 post
678 1215 746 1274 dies
766 1215 801 1274 in
817 1215 976 1293 proximas
991 1217 1180 1294 Campaniae

176 1320 296 1381 insulas
311 1319 496 1394 traiecisset,
510 1326 583 1380 vota
596 1339 654 1398 pro
667 1319 773 1379 reditu
787 1327 934 1398 suscepta
947 1327 1030 1394 sunt,
1042 1340 1081 1381 ne
1092 1322 1181 1381 mini-

176 1445 257 1485 mam
282 1424 411 1502 quidem
433 1426 626 1485 occasionem
649 1443 807 1502 quoquam
830 1426 995 1486 omittente
1018 1427 1052 1485 in
1072 1427 1182 1488 testifi-
1198 1433 1226 1479 1⁰

176 1531 275 1591 canda
304 1528 518 1589 sollicitudine
547 1537 578 1590 ot
605 1549 681 1589 cura
708 1529 747 1589 de
775 1530 991 1591 incolumitate
1016 1531 1091 1592 eius.
1134 1534 1180 1594 Ut

175 1654 248 1696 vero
277 1636 312 1695 in
340 1635 505 1695 adversam
529 1635 744 1696 valetudinem
772 1635 895 1710 incidit,
924 1637 1180 1713 pernoctantibus

176 1740 297 1800 cunctis
318 1740 401 1799 circa
419 1739 589 1815 Palatium,
604 1760 666 1801 non
685 1741 856 1801 defuerunt
875 1741 929 1820 qui
948 1741 1180 1820 depugnaturos

176 1864 208 1906 se
227 1845 325 1906 armis
344 1864 401 1923 pro
418 1844 520 1906 salute
540 1845 626 1923 aegri
641 1846 758 1924 quique
773 1846 879 1924 capita
892 1865 950 1907 sua
963 1846 1059 1907 titulo
1073 1866 1181 1926 propo

175 1950 236 2010 sito
259 1955 419 2010 voverent.
462 1950 606 2011 Accessit
631 1951 670 2011 ad
693 1951 880 2011 immensum
904 1951 1021 2011 civium
1045 1971 1180 2013 amorem
1197 1961 1226 2008 115

174 2055 325 2116 notabilis
347 2055 443 2115 etiam
465 2062 664 2115 externorum
685 2056 785 2116 favor.
834 2057 979 2134 Namque
1000 2058 1179 2119 Artabanus

174 2160 365 2220 Parthorum
393 2180 458 2235 rex,
486 2160 593 2220 odium
622 2180 745 2240 semper
772 2168 1050 2241 contemptumque
1074 2164 1179 2224 Tiberi

174 2284 249 2343 prae
271 2284 304 2326 se
325 2266 440 2340 ferens,
456 2265 628 2326 amicitiam
649 2265 744 2326 huius
765 2266 849 2326 ultro
870 2268 963 2344 petiit
978 2268 1126 2346 venitque
1139 2270 1180 2329 ad

174 2370 366 2447 colloquium
388 2370 484 2447 legati
507 2370 691 2447 consularis,
706 2376 739 2431 et
759 2376 975 2447 transgressus
995 2374 1179 2451 Euphraten

174 2475 297 2553 aquilas
312 2481 344 2535 et
359 2476 449 2551 signa
463 2477 606 2536 Romana
616 2475 848 2554 Caesarumque
862 2477 1015 2553 imagines
1026 2480 1177 2539 adoravit.
1195 2491 1225 2537 uu

125 2585 160 2635 15
214 2581 409 2640 Incendebat
427 2586 459 2640 et
479 2580 547 2658 ipse
562 2581 668 2642 studia
681 2581 845 2640 hominum
859 2583 944 2641 omni
959 2601 1070 2659 genero
1085 2603 1180 2662 popu·

174 2685 320 2745 laritatis.
362 2684 487 2745 Tiberio
498 2705 569 2745 cunr
583 2685 730 2764 plurimis
745 2685 884 2747 lacrimis
898 2706 955 2765 pro

173 2789 318 2850 contione
349 2790 479 2850 laudato
509 2791 717 2870 funeratoque
750 2791 953 2870 amplissime,
978 2768 1070 2905 ἓξ.
1085 2783 1163 2831 901>ss-

174 2895 342 2955 confestim
357 2895 580 2955 Pandatariam
594 2903 626 2956 et
644 2896 775 2957 Pontias
796 2898 835 2956 ad
854 2903 953 2957 trans-

172 3000 320 3060 ferendos
341 3000 452 3060 matris
473 3001 644 3078 fratrisque
661 3002 781 3062 cineres
801 3002 975 3077 festinavit,
991 3008 1178 3081 tempestate
1194 3021 1223 3066 25

172 3105 307 3180 turbida,
320 3125 383 3183 quo
394 3106 493 3182 magis
504 3108 605 3184 pietas
617 3107 778 3183 emineret,
790 3107 930 3185 adiitque
939 3109 1177 3169 venerabundus

172 3228 208 3270 ac
221 3230 277 3289 per
288 3216 389 3273 semet
400 3210 435 3270 in
445 3230 540 3273 urnas
549 3212 708 3288 condidit3
723 3231 781 3272 nec
792 3212 912 3273 minore
926 3232 1038 3273 scaena
1046 3213 1177 3291 Ostiam,

171 3316 311 3394 praefixo
325 3317 359 3376 in
374 3316 504 3377 biremis
520 3337 625 3396 puppe
638 3317 765 3392 vexillo,
781 3325 813 3377 et
828 3319 901 3378 inde
918 3319 1049 3378 Romam
1070 3319 1177 3380 Tiberi

171 3423 346 3498 subvectos,
355 3440 413 3500 per
424 3421 714 3499 splendidissimum
726 3441 881 3501 quemque
893 3425 1047 3500 equestris
1058 3425 1177 3485 ordinis

169 3529 272 3589 medio
287 3547 323 3589 ac
337 3527 501 3603 frequenti
516 3528 568 3587 die
582 3527 703 3588 duobus
723 3527 853 3587 ferculis
875 3529 1038 3590 Mausoleo
1057 3529 1176 3605 intulit,
1193 3549 1221 3595 ac

166 3633 362 3712 inferiasque
389 3632 431 3691 iis
449 3650 554 3692 annua
581 3632 732 3707 religione
760 3631 886 3710 publice
911 3634 1061 3708 instituit,
1084 3640 1116 3693 et
1140 3652 1177 3694 eo

164 3740 302 3818 amplius
328 3734 429 3798 matri
453 3734 615 3797 Circenses
640 3741 886 3815 carpentumque
913 3758 975 3815 quo
1002 3738 1036 3797 in
1062 3756 1178 3815 pompa
