2984 4359
297 260 339 324 32
373 270 403 322 o.
429 271 586 323 suarom
607 271 838 335 rcaucumm
860 273 910 322 oa
931 273 1021 323 vmn
1044 272 1247 325 cuasarum

376 445 448 505 Noa
462 463 494 504 cs
506 464 595 521 eques
599 464 614 519 ;
635 464 729 521 qnare
743 447 759 504 l
798 447 871 505 Noc
884 454 953 505 mat
965 448 1022 505 tibi
1034 448 1121 506 milia
1134 455 1271 508 ceolam:

420 550 532 611 Omnia
545 553 574 609 ri
586 569 725 626 quaeror,
739 559 768 611 el
781 552 909 611 Rhodus
923 554 1062 612 caedium
1076 560 1126 611 eet

315 735 320 738 ·
377 705 483 767 Aarco
496 710 622 766 mutasti
634 707 766 767 Saturni
779 708 909 781 medela,
927 706 1060 768 Caesar:

418 813 568 872 Incolumi
580 831 654 872 aem
666 820 694 871 te
707 815 814 888 ferreo
827 831 942 888 semper
955 821 1050 872 erant.

376 969 510 1027 married
523 971 638 1044 vinum,
653 971 728 1044 qaia
741 972 806 1029 ium
819 972 883 1028 silit
898 972 952 1028 iate
966 988 1121 1029 amorem:

422 1074 498 1133 Tam
513 1075 586 1133 bibit
599 1076 677 1133 tuac
690 1076 788 1149 amtle,
803 1093 896 1149 quam
909 1076 982 1134 bibit
996 1082 1065 1133 ante
1078 1094 1203 1137 mmm.

377 1227 488 1305 Aspice
501 1230 629 1288 Felicem
645 1228 726 1307 (sibi,
740 1249 802 1288 oca
816 1233 895 1311 teliz),
910 1232 1047 1306 Romule,
1063 1233 1193 1309 Sullam,

417 1335 461 1393 m
474 1335 622 1408 Mariam,
636 1338 664 1393 sl
677 1338 732 1408 cic,
747 1338 856 1410 aspice,
871 1338 924 1393 sed
937 1338 1081 1409 redicem,

378 1440 441 1499 Nec
454 1459 516 1499 aon
529 1439 648 1498 Aaron
660 1442 764 1499 cicilia
778 1441 854 1499 bella
868 1443 1013 1499 moerentia

252 1560 282 1606 10
418 1545 490 1604 Noa
502 1546 591 1604 monol
606 1548 731 1621 infectas
744 1548 845 1621 aspice
859 1547 947 1604 ccede
961 1564 1081 1619 amnas,

378 1651 422 1709 Et
435 1653 502 1709 dic:
523 1652 623 1710 licam
631 1654 722 1725 peril,
737 1654 873 1727 recreavit
888 1654 1036 1727 carmelitae
1050 1652 1152 1726 multo,

417 1753 470 1815 Ac
483 1774 607 1833 requam
620 1758 757 1831 quisquis
770 1758 850 1814 ceait
863 1757 901 1814 ob
915 1757 1028 1815 cecilio.

297 1919 382 1990 Quae
401 1919 511 1998 primo,
526 1920 618 1997 quasi
637 1920 676 1980 ab
697 1919 938 1999 impatientibus
957 1920 1166 1980 remediorum
1185 1940 1222 1982 ac
1239 1941 1303 1983 non

298 2030 363 2085 tam
384 2043 423 2084 ex
440 2024 540 2085 animi
559 2024 717 2085 sententia
735 2044 830 2102 qnam
849 2024 913 2085 bile
926 2030 960 2085 et
973 2026 1134 2086 stomacho
1151 2026 1304 2102 fingeren-

253 2135 358 2203 latur,
378 2129 504 2190 volebat
525 2130 634 2208 accipi,
655 2129 841 2207 dicebatque
865 2128 1054 2190 identidem:
1079 2131 1213 2206 Oderint,
1228 2135 1303 2191 dam

292 2236 439 2310 probent!
479 2234 561 2294 Dein
581 2253 656 2295 vera
669 2234 762 2313 plane
776 2242 922 2312 certaque
936 2254 1006 2296 esse
1024 2234 1091 2314 ipse
1105 2236 1183 2296 iecit
1197 2235 1301 2297 fidem.

337 2342 377 2401 In
398 2342 507 2419 paucis
528 2341 639 2403 diebus
661 2361 757 2420 quam
777 2343 913 2421 Capreas
935 2343 1042 2419 attigit
1064 2343 1223 2421 piscatori,
1245 2343 1302 2421 qui
1316 2348 1356 2399 60

297 2445 358 2506 sibi
376 2451 530 2507 secretum
548 2448 656 2524 agenti
677 2448 828 2524 grandem
845 2446 978 2507 mullum
996 2448 1198 2526 inopinanter
1215 2447 1302 2509 obtu-

522 2552 612 2628 lerat,
634 2553 799 2631 perfricari
823 2554 932 2613 eodem
953 2554 1039 2632 pisce
1061 2554 1172 2614 faciem
1196 2554 1300 2630 iussit,

522 2658 661 2732 territus,
676 2659 761 2736 quod
782 2659 810 2719 is
831 2677 851 2719 a
869 2665 958 2735 tergo
976 2657 1099 2719 insulae
1115 2677 1171 2737 per
1189 2677 1301 2737 aspera

522 2767 555 2822 et
572 2762 665 2823 devia
685 2764 854 2842 erepsisset
874 2763 916 2823 ad
934 2782 984 2838 se,
1007 2763 1180 2839 gratulanti
1194 2770 1299 2823 autem

295 2868 379 2932 inter
395 2887 538 2947 poenam,
553 2868 637 2945 quod
657 2887 719 2927 non
734 2873 767 2928 et
781 2868 944 2944 locustam,
959 2888 1054 2945 quam
1074 2869 1298 2947 praegrandem

295 2979 428 3052 ceperat,
444 2973 619 3048 obtulisset,
634 2973 757 3034 locusta
779 2992 904 3051 qnoque
926 2974 1056 3034 lacerari
1071 2993 1106 3034 os
1120 2973 1297 3053 imperavit

294 3079 432 3138 Militem
446 3079 678 3158 praetorianum
690 3080 729 3140 ob
743 3080 927 3157 subreptum
941 3080 1131 3140 eviridiario
1146 3097 1298 3157 pavonem

248 3204 277 3248 25
293 3184 396 3263 capite
417 3185 530 3263 puniit.
573 3187 613 3245 In
627 3187 764 3263 quodam
778 3186 891 3246 itinere
905 3187 1026 3262 lectica,
1041 3205 1104 3264 qua
1117 3185 1297 3261 vehebatur,

293 3290 441 3368 vepribus
463 3291 625 3369 impedita,
647 3293 875 3371 exploratorem
898 3292 977 3368 viae,
1000 3292 1172 3370 primarum
1194 3289 1299 3351 cohor-

250 2671 281 2716 ω
296 2635 401 2696 cruelty
411 2638 441 2683 at

296 2710 405 2771 Capreae

294 3396 374 3455 tium
392 3397 613 3472 centurionem,
629 3403 761 3458 stratum
781 3397 871 3458 humi
891 3417 989 3476 paene
1007 3398 1048 3458 ad
1066 3416 1173 3458 necem
1193 3395 1299 3456 verbe-

293 3502 385 3562 ravit.
427 3503 506 3561 Mox
520 3502 553 3561 in
568 3521 658 3562 omne
674 3522 770 3578 genus
786 3502 983 3563 crudelitatis
997 3503 1111 3581 erupit,
1126 3519 1298 3580 numquam
1312 3502 1351 3552 61

272 3671 275 3676 ,
293 3606 456 3666 deficiente
475 3606 616 3680 materia,
631 3626 702 3666 cum
715 3607 818 3685 primo
832 3608 952 3682 matris,
968 3608 1081 3668 deinde
1096 3613 1246 3686 nepotum
1266 3612 1298 3666 et

247 3726 277 3771 ³0
292 3729 399 3784 nurus,
414 3715 572 3788 postremo
592 3710 697 3770 Seiani
712 3711 886 3774 familiares
903 3718 999 3791 atque
1013 3711 1108 3773 etiam
1127 3717 1219 3772 notos
1232 3730 1299 3790 per-
