2984 4359
501 851 540 916 C.
576 852 785 918 SUETONI
817 853 1116 932 TRANQUILLI

457 1037 543 1119 DE
584 1037 742 1118 VITA
784 1036 1154 1118 CAESARUM

699 1231 832 1289 mame
860 1231 916 1291 vr.

730 1407 883 1472 NERO.

259 1728 275 1773 o
345 1709 396 1768 Ex
420 1715 512 1784 gente
534 1706 676 1768 Domitia
696 1707 778 1767 duae
798 1707 939 1767 familiae
959 1708 1148 1783 claruerunt,
1170 1708 1312 1769 Calvino
1343 1723 1358 1771 1

305 1833 374 1873 rum
408 1818 440 1873 et
467 1812 733 1873 Aenobarborum.
785 1812 963 1872 Aenobarbi
994 1819 1153 1873 auctorem
1182 1814 1312 1890 originis

305 1958 461 2019 rnefmuy
532 1918 670 1994 itemque
704 1916 897 1992 cognominis
928 1916 1046 1977 habent
1073 1918 1108 1977 L.
1137 1918 1312 1978 Domitium

305 2034 332 2083 of
345 2036 390 2082 tue
532 2021 583 2081 oui
598 2040 668 2080 rure
683 2023 842 2097 quondam
857 2022 1029 2081 revertenti
1047 2022 1176 2082 iuvenes
1195 2023 1312 2098 gemini

305 2108 443 2156 *mmm
533 2127 712 2202 augustiore
730 2126 835 2186 forma
851 2145 890 2186 ex
911 2146 1041 2187 occursu
1061 2127 1234 2206 imperasse
1253 2134 1314 2189 tra

262 2251 291 2297 ιο
306 2233 431 2307 duntur,
457 2232 620 2292 nuntiaret
645 2231 770 2291 senatui
793 2250 829 2291 ac
853 2232 969 2310 populo
994 2209 1169 2307 victoriam,
1189 2232 1228 2292 de
1252 2252 1313 2310 qua

305 2338 459 2397 incertum
484 2336 587 2396 adhuc
612 2342 696 2412 erat;
726 2343 820 2414 atque
848 2337 883 2395 in
910 2337 1004 2396 fidem
1031 2336 1207 2398 maiestatis
1235 2338 1312 2398 adeo

164 2467 168 2474 ⁴
229 2454 233 2460 ⁴
256 2447 259 2452 '
305 2441 508 2521 permulsisse
524 2440 632 2515 malas,
647 2446 714 2500 ute
731 2441 821 2517 nigro
838 2440 968 2501 rutilum
986 2441 1113 2520 aerique
1135 2442 1311 2502 adsimilem

305 2546 455 2626 capillum
471 2547 645 2605 redderent.
689 2546 778 2616 Quod
793 2546 916 2622 insigne
934 2546 1051 2605 mansit
1070 2553 1102 2606 et
1122 2547 1156 2606 in
1176 2547 1311 2625 posteris

305 2654 382 2729 eius,
398 2671 433 2712 ao
448 2671 561 2728 magna
574 2671 647 2729 pars
662 2650 760 2711 rutila
775 2651 872 2711 barba
889 2652 1028 2711 fuerunt.
1071 2652 1185 2711 Functi
1198 2660 1311 2713 autem

261 2778 289 2822 15
305 2757 521 2820 consulatibus
550 2761 679 2834 septem,
708 2756 870 2834 triumpho
897 2775 1089 2834 censuraque
1122 2757 1251 2835 duplici,
1280 2764 1312 2817 et

306 2866 389 2924 inter
409 2861 557 2941 patricios
583 2860 698 2921 adlecti
720 2869 999 2939 perseveraverunt
1019 2880 1127 2921 omnes
1148 2862 1183 2920 in
1204 2862 1310 2922 eodem

306 2969 496 3045 cognomine.
540 2967 587 3025 Ac
602 2985 641 3025 ne
655 2966 859 3044 praenomina
872 2966 998 3043 quidem
1012 2965 1079 3026 ulla
1093 2973 1310 3045 praeterquam

307 3073 408 3135 Gnaei
423 3079 455 3132 et
469 3072 548 3131 Luci
564 3076 772 3149 usurparunt,
795 3089 892 3148 eaque
912 3070 982 3148 ipsa
1002 3070 1136 3131 notabili
1149 3071 1310 3148 varietate,

307 3179 398 3239 modo
419 3177 639 3238 continuantes
661 3196 755 3234 unum
781 3176 927 3253 quodque
952 3195 1007 3253 per
1029 3176 1130 3236 trinas
1153 3195 1310 3254 personas,

261 3300 290 3344 20
307 3284 398 3344 modo
413 3282 605 3343 alternantes
620 3301 676 3359 per
690 3281 839 3357 singulas.
877 3280 909 3339 N
912 3300 962 3340 am
977 3281 1114 3359 primum
1130 3283 1312 3342 secundum·

306 3408 366 3468 que
387 3407 423 3450 ac
443 3389 573 3448 tertium
594 3387 850 3447 Aenobarborum
875 3386 998 3461 Lucios,
1021 3387 1183 3464 sequentis
1204 3406 1311 3447 rursus

305 3502 370 3557 tres
390 3515 428 3556 ex
446 3496 554 3556 ordine
576 3496 699 3556 Gnaeos
721 3496 907 3572 accepimus,
922 3494 1060 3571 reliquos
1081 3493 1208 3554 nonnisi
1223 3494 1313 3554 vicis·

307 3603 366 3662 sim
380 3608 447 3661 tum
465 3599 578 3659 Lucios
595 3605 662 3659 tum
682 3600 814 3659 Gnaeos.
857 3598 963 3659 Pluris
985 3617 1002 3657 e
1022 3598 1148 3658 familia
1167 3599 1311 3675 cognosci

306 3707 423 3766 referre
441 3704 584 3780 arbitror,
599 3721 662 3780 quo
682 3703 809 3764 facilius
831 3710 980 3781 appareat
1001 3703 1048 3764 ita
1068 3704 1272 3779 degenerasse
1294 3724 1312 3763 a

787 3816 835 3866 106
