2984 4359
302 270 344 334 28
378 281 408 334 c.
434 282 591 334 suaroru
613 284 842 348 nuauoumm
865 286 915 336 nu
935 285 1026 336 vrrs
1049 285 1254 338 cassanum

300 453 382 514 hanc
406 455 437 515 ei
459 456 511 516 vel
535 441 735 536 praecipuam
759 457 869 519 fuisse.
911 459 991 518 'Poto
1015 458 1142 537 quidem
1160 458 1307 536 triennio,

301 578 363 637 quo
377 560 505 620 vivente
524 568 623 622 matre
641 561 732 637 afuit,
749 562 845 624 semel
865 556 993 624 omnino
1011 582 1079 624 eam
1096 582 1154 625 nec
1170 564 1306 643 amplius

301 684 395 743 quarn
420 685 483 726 uno
507 666 559 727 die
583 668 783 745 paucissimis
807 668 891 729 vidit
914 668 1018 745 horis;
1049 688 1085 730 ac
1109 689 1182 729 mox
1205 687 1307 747 neque

300 789 410 848 aegrae
422 772 532 832 adesse
545 772 670 833 curavit
682 773 927 852 defunctamque
941 780 982 849 et,
998 775 1074 834 dum
1087 776 1242 836 adventus
1257 775 1306 836 sui

254 895 270 940 o
300 896 389 954 spem
403 878 491 954 iacit,
506 877 714 956 complurium
734 878 855 940 dierum
874 898 962 940 mora
974 887 1120 958 corrupto
1135 881 1308 941 demumst

300 983 407 1043 tabido
429 1002 556 1061 corpore
576 983 758 1044 funeratam
779 984 941 1062 prohibuit
961 985 1145 1061 consecrari,
1166 986 1258 1064 quasi
1272 985 1306 1045 id

299 1088 370 1167 ipsa
394 1089 582 1149 mandasset.
632 1090 869 1150 Testamentum
895 1108 1018 1168 quoque
1042 1089 1109 1151 eius
1134 1110 1190 1169 pro
1214 1091 1306 1152 irrito
1400 1077 1407 1096 '

299 1192 420 1269 habuit,
435 1193 599 1272 omnisque
613 1194 770 1255 amicitias
781 1201 814 1254 et
824 1194 1067 1269 familiaritates,
1081 1196 1178 1256 etiam
1191 1196 1306 1273 quibus

300 1317 336 1359 ea
355 1299 477 1359 funeris
498 1299 547 1359 sui
565 1317 670 1360 curam
690 1300 827 1359 moriens
845 1300 1097 1376 demandaverat,
1113 1300 1197 1361 iutra
1211 1302 1306 1362 breve

255 1418 284 1463 10
300 1409 424 1482 tempus
445 1404 568 1479 afflixit,
590 1423 653 1464 uno
673 1423 713 1464 ex
733 1404 784 1481 iis,
806 1405 962 1482 equestris
984 1406 1103 1466 ordinis
1124 1406 1203 1482 viro,
1218 1412 1251 1466 et
1273 1407 1307 1466 in

300 1509 430 1570 antliam
447 1510 661 1570 condemnato.

274 1613 297 1642 *⁴
339 1613 492 1674 Filiorum
514 1633 615 1692 neque
637 1616 813 1675 naturalem
836 1617 975 1702 Dqum
996 1634 1098 1694 neque
1121 1617 1305 1695 adoptivum
1320 1628 1356 1679 ⁶2

251 1731 253 1736 '
300 1719 520 1781 Germanicum
539 1720 643 1797 patria
661 1719 793 1780 caritate
812 1721 934 1796 dilexit,
952 1720 1082 1806 alteruis
1097 1721 1186 1781 vitiis
1204 1722 1306 1782 inien-

525 1843 586 1885 sus.
632 1825 716 1884 Num
740 1825 864 1886 Drusus
888 1805 1030 1886 finitimis
1055 1825 1305 1904 remissiorisque

297 1891 414 1938 fflssons
548 1928 553 1940 .
1134 1931 1139 1942 .

254 1951 282 1996 15
523 1934 608 1989 vrtae
631 1935 706 1989 erat.
750 1930 864 2007 Itaque
884 1949 923 1990 ne
945 1936 1068 1990 mortuo
1088 1931 1215 2007 qu1dem
1238 1950 1306 2010 per-

297 2034 372 2094 inde
397 2034 542 2094 adfectus
566 2040 625 2110 est,
648 2035 703 2094 sed
725 2041 850 2095 tantum
873 2054 937 2095 non
959 2036 1068 2096 statim
1090 2055 1110 2096 a
1130 2037 1241 2096 funere
1264 2038 1305 2098 ad

298 2139 493 2215 negotiorum
524 2139 783 2200 consuetudinem
810 2140 913 2227 rediit,
942 2141 1065 2201 iustitio
1093 2140 1232 2217 longiore
1261 2142 1306 2201 in-

297 2244 407 2304 hibito,
449 2244 531 2314 Quin
546 2251 579 2304 et
595 2244 761 2306 Iliensium
778 2245 891 2321 legatis
911 2246 1005 2323 paulo
1025 2246 1124 2307 serius
1145 2246 1305 2307 consolan-

297 2349 392 2424 tibus,
415 2349 506 2426 quasi
527 2348 695 2410 obliterata
714 2350 775 2410 iam
799 2350 915 2412 doloris
937 2351 1095 2426 memoria,
1117 2351 1252 2411 irridens
1273 2372 1304 2413 se

251 2466 281 2511 ao
297 2473 411 2530 quoque
428 2455 591 2531 respondit
605 2458 698 2544 vicem
712 2475 816 2515 eorum
830 2459 937 2531 dolere,
952 2459 1032 2532 quod
1046 2462 1196 2534 epreptum
1210 2462 1303 2517 civem

296 2562 456 2619 Hectorem
471 2564 649 2620 omisissent.
694 2560 881 2621 Germanico
895 2580 994 2638 usque
1009 2563 1087 2621 adeo
1103 2561 1302 2638 obtrectant,

205 2723 233 2746 η
296 2671 333 2725 ut
357 2670 389 2724 et
413 2664 573 2742 praeclara
597 2649 683 2725 facta
706 2666 858 2744 eius·pro
886 2667 1087 2743 supervacuis
1116 2666 1246 2728 eleuarit
1270 2672 1302 2727 et

296 2770 537 2847 gloriosissimas
552 2771 699 2831 victorias
716 2790 774 2831 ceu
792 2772 956 2831 damnosas
975 2772 1021 2832 rei
1041 2772 1185 2851 publicae
1206 2773 1302 2833 incre·

296 2882 393 2954 peret.
435 2876 525 2946 Quod
550 2895 623 2935 vero
649 2875 880 2936 Alexandream
908 2882 1036 2954 propter
1059 2878 1245 2938 immensam
1269 2884 1303 2938 et

250 3000 279 3045 25
296 2982 493 3060 repentinam
516 2982 632 3041 famem
652 2981 829 3043 inconsulto
851 3001 883 3042 se
904 2982 1032 3058 adisset,
1048 2990 1177 3061 questus
1198 2984 1301 3044 estin

296 3094 415 3148 senatu,
457 3087 565 3147 Etiam
587 3106 681 3147 causa
701 3089 811 3148 mortis
832 3088 932 3148 fuisse
952 3088 981 3148 ei
1003 3108 1059 3166 per
1078 3090 1132 3150 Cn.
1153 3089 1301 3151 Pisonem

295 3194 431 3269 legatum
456 3193 566 3272 Syriae
585 3194 731 3271 creditur,
746 3215 839 3273 quem
858 3215 932 3256 mox
948 3196 1043 3256 huius
1060 3196 1200 3257 oriminis
1214 3216 1301 3257 reum
1383 3259 1388 3268 ,

295 3304 409 3377 putant
424 3299 553 3376 quidam
568 3300 716 3360 mandata
730 3301 934 3379 prolaturum,
946 3302 1010 3362 nisi
1021 3321 1058 3362 ea
1069 3308 1188 3362 secreto
1202 3307 1301 3363 osten-

295 3410 365 3464 tant
387 3451 393 3464 .
417 3451 424 3464 .
447 3452 453 3464 .
475 3423 556 3483 quae
573 3406 781 3466 multifariam
799 3408 987 3485 inscriptum
1002 3416 1034 3468 et
1050 3429 1105 3487 per
1119 3415 1226 3470 noctes
1240 3427 1302 3469 cre·

250 3523 279 3568 30
295 3510 429 3570 berrime
453 3511 666 3572 adclamatum
691 3517 756 3572 est:
790 3514 895 3574 Redde
923 3515 1157 3575 Germanicum!
1200 3516 1301 3585 Quam

295 3617 505 3695 suspicionem
530 3616 729 3677 confirmavit
754 3617 822 3694 ipse
846 3625 964 3696 postea,
990 3619 1120 3695 coniuge
1145 3619 1241 3680 etiam
1265 3638 1301 3681 ac

294 3723 402 3784 liberis
418 3721 599 3785 Germanici
613 3721 770 3782 crudelem
785 3722 819 3782 in
833 3724 960 3783 modum
975 3724 1107 3784 afflictis.
