2984 4359
309 269 353 333 92
385 280 417 332 o.
439 280 597 331 scarum
618 279 848 342 remotum
868 282 920 331 na
941 282 1035 332 vrrs
1057 281 1261 336 erasmum

309 473 440 532 eamque
464 454 533 531 ipse
556 454 624 513 iure
644 453 775 513 maximi
801 454 961 532 pontificis
988 475 1046 533 pro
1065 456 1178 517 rostris
1199 456 1317 536 populo

310 559 446 639 praeiret
460 565 677 636 summotaque
691 560 904 637 operariorum
917 578 1141 639 servorumque
1153 564 1256 623 turrba

350 665 468 725 Rerum
488 669 603 738 actum,
618 663 757 724 divisum
777 671 872 724 autea
891 665 926 724 in
945 665 1094 726 hibernos
1115 668 1316 747 aestivusque
1329 679 1374 731 23

309 788 442 844 menses,
456 768 628 828 coniunxit
678 769 763 829 Iuris
782 769 954 829 dictionem
973 771 1014 830 de
1033 770 1109 830 fidei
1130 773 1316 850 commissis,

278 889 294 934 5
535 874 706 952 quotannis
719 881 753 933 et
765 881 891 934 tantum
911 875 946 934 in
965 877 1042 935 urbe
1060 876 1200 953 delegari
1221 879 1318 955 magi·

337 957 447 1080 ffl
536 979 688 1040 stratibus
702 979 839 1055 solitam,
853 981 888 1040 in
901 988 1089 1058 perpetuum
1103 988 1199 1059 atque
1218 984 1317 1044 etiam

535 1103 592 1164 per
628 1084 807 1162 provincias
849 1085 1060 1163 potestatibus
1102 1087 1315 1149 demandavit.

310 1191 416 1268 Capiti
426 1191 546 1268 Papiae
555 1190 722 1267 Poppaeae
732 1188 812 1264 legis
822 1208 843 1249 a
855 1189 983 1249 Tiberio
992 1191 1135 1267 Caesare,
1147 1193 1239 1270 quasi
1252 1212 1319 1253 sex·
1331 1243 1334 1252 .

310 1295 450 1371 agenarfi
466 1314 614 1372 generare
631 1313 694 1353 non
715 1300 854 1372 possent,
868 1295 978 1354 addito
993 1297 1166 1372 obrogavit.
1204 1298 1318 1359 Sauxit

265 1420 295 1465 ιο
310 1407 347 1461 ut
369 1400 502 1480 pupillis
523 1406 613 1460 extra
634 1399 776 1458 ordinem
803 1405 924 1459 tutores
952 1418 972 1459 a
999 1402 1181 1468 consulibus
1210 1404 1318 1463 daren-

309 1513 371 1583 tur,
398 1513 497 1584 utque
524 1506 557 1581 ii,
579 1505 693 1583 quibus
714 1523 735 1564 a
754 1504 990 1581 magistratibus
1013 1507 1195 1584 provinciae
1223 1509 1319 1568 inter-

310 1613 498 1687 dicerentur,
512 1610 589 1670 urbe
611 1628 735 1687 quoque
756 1616 789 1668 et
802 1609 900 1668 Italia
920 1620 1199 1672 summoverentur.
1243 1616 1318 1692 Ipse

310 1717 462 1796 quosdam
473 1734 554 1776 novo
567 1715 712 1792 exemplo
722 1713 883 1790 relegavit,
894 1720 931 1774 ut
940 1713 1026 1775 ultra
1035 1715 1175 1793 lapidem
1186 1719 1317 1779 tertium

309 1828 433 1883 vetaret
446 1821 553 1897 egredi
567 1820 607 1880 ab
619 1820 703 1880 urbe.

265 1945 294 1989 15
351 1929 398 1987 De
418 1927 534 1987 maiore
553 1924 679 2001 negotio
697 1929 825 1985 acturus
840 1924 983 2001 incuria,
1002 1927 1126 1988 medius
1145 1928 1230 1988 inter
1249 1949 1320 1989 con-

310 2033 416 2094 sulum
431 2031 525 2092 sellas
539 2029 709 2090 tribunicio
724 2028 875 2089 subsellio
889 2030 1025 2091 sedebat.
1082 2032 1285 2094 Commeatus
1299 2054 1319 2094 a

536 2141 646 2196 senatu
660 2134 727 2212 peti
743 2134 853 2194 solitos
868 2134 1013 2195 beneficii
1028 2137 1077 2195 sui
1091 2137 1178 2197 iecit.
1223 2139 1319 2199 Orna-
1332 2149 1369 2201 24

535 2245 642 2300 menta
668 2238 846 2299 consularia
867 2238 963 2299 etiam
984 2243 1241 2318 procuratoribus
1265 2245 1320 2303 du·
1400 2252 1403 2259 '

535 2344 670 2406 cenariis
697 2342 839 2404 indulsit.
905 2343 1099 2421 Senatorium
1128 2348 1318 2424 dignitatem

263 2472 294 2519 ao
308 2450 527 2513 recusantibus
546 2455 721 2528 equestrem
737 2467 860 2526 quoque
875 2449 1001 2509 ademit.
1051 2452 1166 2511 Latum
1181 2453 1318 2530 clavum,

309 2556 452 2636 quamvis
464 2555 558 2615 initio
576 2554 762 2615 affirmasset
776 2573 839 2612 non
853 2553 1007 2614 lecturum
1020 2575 1053 2615 sc
1065 2563 1243 2618 senatorem
1254 2559 1318 2619 nisi

309 2663 387 2724 civis
403 2661 538 2721 Romani
557 2660 752 2738 abnepotem,
767 2658 862 2719 etiam
880 2658 1022 2718 libertini
1040 2661 1108 2721 filio
1121 2662 1245 2740 tribuit,
1262 2665 1318 2724 sed

310 2768 369 2830 sub
378 2765 562 2827 condicione
577 2765 605 2825 si
616 2764 704 2843 prius
716 2765 756 2824 ab
767 2765 872 2841 equite
883 2765 1027 2826 Romano
1038 2767 1208 2844 adoptatus
1219 2776 1316 2846 esset3

308 2893 344 2935 ac
356 2874 400 2934 sic
415 2889 539 2950 quoque
554 2869 828 2948 reprehensionem
843 2889 962 2945 verens,
978 2876 1010 2930 et
1024 2870 1166 2950 Appium
1181 2874 1317 2935 Caecum

262 2997 477 3051 ascensorem,
492 2975 615 3053 generis
636 2974 685 3035 sui
699 2981 924 3052 proauctorem,
938 2974 1160 3037 libertinorum
1179 2978 1264 3040 filios
1284 2980 1318 3039 in

308 3091 452 3147 senatum
473 3081 629 3158 adlegisse
650 3080 765 3156 docuit,
788 3080 926 3156 ignarus,
950 3082 1144 3159 temporibus
1167 3084 1257 3162 Appi
1284 3092 1317 3144 et

307 3191 456 3268 deinceps
470 3185 666 3265 aliquamdiu
680 3185 844 3246 libertinos
859 3186 961 3247 dictos
972 3205 1035 3246 non
1046 3187 1143 3264 ipsos,
1154 3189 1210 3266 qui
1220 3209 1317 3250 mann

306 3296 536 3368 emitterentur,
553 3292 608 3353 sed
630 3290 781 3367 ingenuos
803 3310 843 3350 ex
864 3275 915 3351 his
935 3299 1124 3370 procreatos.
1175 3294 1316 3373 Collegio

307 3407 507 3481 quaestorum
537 3416 593 3477 pro
621 3401 760 3457 stratura
786 3395 909 3455 viarum
944 3396 1170 3472 gladiatorium
1200 3420 1316 3460 munus

260 3526 291 3573 ao
307 3505 446 3566 iniunxit
459 3504 663 3578 detractaque
677 3499 817 3560 Ostiensi
832 3505 865 3559 et
879 3499 1004 3561 Gallica
1017 3502 1192 3580 provincia,
1207 3523 1315 3565 curam

305 3609 418 3672 aerarii
440 3605 568 3669 Saturni
588 3603 736 3676 reddidit,
752 3622 847 3681 quam
868 3585 972 3664 medio
991 3611 1133 3684 tempore
1153 3615 1315 3686 praetores

305 3721 369 3790 aut,
383 3712 432 3774 nti
446 3729 538 3786 nunc,
553 3714 701 3788 praetura
714 3708 819 3767 functi
832 3708 1058 3771 sustinuerant

338 2218 434 2267 Olfltiel

338 2292 444 2341 reforma
