2984 4359
264 239 285 300 4
341 247 371 300 C.
397 247 554 300 SUETONI
575 248 805 312 TRANQUILLI
826 248 876 299 ΒΕ
900 248 991 299 VITA
1013 247 1216 302 CAESARUM

264 419 423 497 nantibus,
437 420 534 482 etiam
550 420 590 482 de
606 419 757 500 praemiis
777 419 1049 501 tyrannicidarum
1069 421 1270 482 referendum

264 527 395 589 censuit
435 526 590 587 Praetura
607 524 722 587 deinde
744 526 884 603 iunctus,
902 543 975 586 cum
998 525 1087 587 exitu
1110 526 1187 587 anni
1210 526 1272 589 dis

264 634 372 695 cordia
387 632 470 694 inter
486 631 670 692 triumviros
691 636 761 692 orta
780 635 873 708 esset,
894 630 1027 693 retentis
1046 630 1131 692 ultra
1150 631 1270 692 iustum

263 744 389 818 tempus
419 737 596 814 insignibus
630 737 665 797 L.
693 735 870 797 Antonium
904 734 1074 812 consulem,
1108 735 1270 797 triumviri

233 857 249 904 c
264 844 405 921 fratrem,
422 844 463 905 ad
479 841 643 904 Perusiam
664 845 800 917 secutus,
821 840 981 903 deditione
1001 859 1022 902 a
1040 840 1153 903 ceteris
1174 842 1269 918 facta,

264 950 350 1012 solus
377 948 550 1028 permansit
577 947 611 1008 in
638 946 782 1025 partibus
807 964 843 1007 ac
865 946 967 1025 primo
992 948 1172 1023 Praeneste,
1196 946 1271 1008 inde

263 1054 432 1134 Neopolim
453 1052 565 1129 evasit,
581 1052 743 1129 servisque
759 1051 800 1113 ad
815 1050 944 1129 pilleum
963 1051 1084 1113 frustra
1100 1051 1220 1114 vocatis
1234 1052 1271 1112 in

265 1160 406 1223 Siciliam
426 1157 577 1238 profugit
621 1157 684 1218 Sed
705 1156 835 1234 indigne
855 1157 971 1232 ferens,
985 1175 1043 1218 nec
1063 1156 1173 1218 statim
1187 1175 1221 1219 se
1234 1157 1271 1217 in

265 1271 465 1345 conspectum
480 1262 568 1326 Sexti
582 1263 714 1341 Pompei
728 1262 901 1325 admissum
918 1269 950 1323 et
967 1262 1102 1346 fascium
1122 1282 1183 1325 usu
1202 1282 1271 1341 pro-

219 1384 249 1430 10
264 1371 410 1446 hibitum,
425 1371 466 1432 ad
480 1371 524 1430 M.
536 1368 712 1429 Antonium
723 1367 850 1429 traiecit
863 1367 1068 1429 inAchaiam.
1103 1368 1183 1430 (lum
1196 1386 1269 1446 quo,

263 1477 352 1538 brevi
374 1474 577 1538 reconciliata
596 1473 680 1534 inter
698 1473 801 1535 omnis
823 1492 908 1552 pace,
930 1473 1064 1534 Romam
1083 1473 1175 1550 redit,
1195 1492 1271 1534 uxo

263 1600 391 1660 remque
405 1580 531 1643 Liviam
545 1577 728 1655 Drusillam,
744 1585 776 1639 et
791 1584 868 1639 tuuc
888 1578 1050 1655 gravidam
1066 1584 1099 1639 et
1115 1584 1188 1640 ante
1205 1578 1269 1640 iam

264 1688 349 1766 apud
366 1706 399 1749 se
416 1686 519 1746 filium
539 1684 673 1760 enixam,
688 1684 811 1763 petenti
831 1683 977 1760 Augusto
997 1684 1160 1745 concessit
1200 1684 1269 1745 Nec

264 1792 365 1853 multo
391 1796 464 1871 post
491 1790 574 1851 diem
602 1788 690 1865 obiit,
717 1794 852 1867 utroque
886 1787 1055 1850 liberorum
1089 1787 1268 1868 superstite,

219 1912 248 1958 lo
264 1897 391 1958 Tiberio
411 1898 576 1974 Drusoque
596 1893 786 1956 Neronibus.

305 2000 464 2063 Tiberium
480 2000 607 2079 quidam
622 1999 743 2060 Fundis
758 2004 870 2060 natum
883 1998 1154 2076 existimaverunt,
1169 2000 1303 2065 secutio

264 2109 366 2169 levem
394 2106 615 2181 coniecturam,
640 2105 725 2183 quod
751 2089 905 2166 materna>
921 2103 988 2165 eius
1016 2104 1089 2166 avia
1116 2105 1270 2166 Fundana

490 2211 597 2287 fuerit,
618 2217 651 2271 et
671 2211 755 2288 quod
777 2229 850 2271 mox
871 2208 1070 2270 simulacrum
1093 2209 1268 2271 Felicitatis

490 2335 529 2377 ox
543 2321 671 2377 senatus
686 2315 830 2376 consulto
843 2314 1038 2394 publicatum
1057 2314 1102 2375 ibi
1119 2315 1169 2376 sit.
1207 2315 1269 2376 Sed

218 2439 249 2486 uo
263 2431 301 2485 ut
314 2424 421 2502 plures
442 2422 652 2498 certioresque
672 2421 813 2496 uadunt,
827 2425 920 2481 natus
937 2425 987 2480 est
1000 2420 1119 2481 Romae
1132 2419 1165 2480 in
1180 2419 1270 2481 Pala

264 2529 310 2591 tio
324 2529 404 2589 XVI
418 2527 491 2587 Kal.
501 2528 575 2587 Dec.
585 2528 629 2585 M.
645 2524 784 2586 Aemilio
798 2524 919 2604 Lepido
932 2524 1057 2600 iterum,
1072 2526 1108 2585 L.
1124 2523 1269 2586 Munatio

264 2634 382 2695 Planco
395 2650 495 2693 conss.
508 2651 564 2710 per
577 2630 696 2691 bellum
706 2628 922 2709 Philippense.
958 2628 1010 2689 Sic
1020 2628 1105 2690 enim
1120 2629 1154 2689 in
1168 2630 1268 2690 fastos

264 2745 395 2817 actaque
409 2738 444 2796 in
459 2735 586 2815 publica
602 2736 736 2796 relatum
754 2739 810 2795 est
853 2734 922 2794 Nec
941 2738 1048 2794 tamen
1068 2734 1192 2809 desunt,
1213 2732 1269 2812 qui

264 2844 380 2922 partim
401 2842 605 2903 antecedente
627 2858 718 2914 anno,
732 2838 824 2899 Hirti
843 2857 880 2899 ac
900 2838 1032 2914 Pansae,
1053 2838 1170 2916 partim
1191 2838 1270 2899 inse·

218 2947 384 3026 aequanti,
402 2947 516 3008 Servili
534 2945 668 3007 Isaurici
685 2945 826 3021 Lucique
844 2942 974 3004 Antonii
996 2943 1170 3019 consulatu,
1188 2941 1272 3019 geni·

263 3059 333 3114 tum
346 3071 417 3112 eum
432 3050 579 3112 scribant.

305 3156 480 3217 Infantiam
491 3153 721 3233 pueritiamque
731 3149 844 3211 habuit
854 3148 1040 3210 laboriosam
1049 3153 1081 3209 et
1089 3147 1268 3222 exercitam,
1284 3157 1304 3209 6

263 2282 310 2330 His
319 2281 388 2329 birth

265 3281 367 3324 comes
387 3276 611 3338 usquequaque
630 3261 795 3334 parentum
811 3255 923 3332 fugae;
945 3271 1023 3329 quos
1040 3251 1166 3330 quidem
1186 3252 1270 3330 apud

491 3360 660 3441 Neapolim
680 3359 738 3421 sub
757 3357 964 3437 irruptionem
985 3355 1086 3417 hostis
1107 3355 1270 3432 navigium
1383 3417 1385 3420 ,

219 3484 250 3532 uo
265 3450 371 3511 ΜΝ
381 3449 431 3497 ⁸¹²⁶
492 3467 574 3529 olam
589 3462 729 3545 petentis
743 3463 853 3540 vagitu
871 3481 927 3523 suo
943 3480 1040 3540 paene
1053 3460 1104 3521 bis
1119 3460 1269 3538 prodidit,

265 3525 395 3575 chlldhood
820 3567 827 3579 ,
850 3567 856 3580 ,
1024 3564 1031 3578 ,

493 3570 589 3633 semel
608 3589 678 3631 cum
701 3587 721 3628 a
741 3573 876 3629 nutricrs
896 3566 1000 3641 ubere,
1021 3570 1137 3626 lterum
1158 3583 1231 3625 cum
1251 3583 1271 3626 a

263 3683 339 3756 ,sinu
359 3677 470 3742 matris
490 3675 608 3756 raptim
627 3673 806 3735 auferretur
819 3672 860 3732 ab
872 3669 924 3747 iis,
937 3669 993 3749 qui
1009 3687 1067 3748 pro
1080 3668 1270 3731 necessitate
