2984 4359
307 266 349 332 84
383 278 413 331 c.
437 277 594 331 scurcnr
616 279 845 341 scansurum
868 280 918 330 us
941 280 1032 330 vrrs
1054 278 1258 332 cassanum

347 452 392 512 At
406 451 440 511 in
457 459 557 513 semet
574 453 715 528 augendo
731 470 843 530 parcns
864 457 959 529 atque
980 451 1094 527 civilis,
1110 452 1311 530 praenomine
1324 456 1358 508 12

306 557 511 636 Imperatoris
523 556 686 632 abstinuit,
698 557 812 618 nimios
826 557 960 617 honores
975 556 1141 632 recusavit,
1153 556 1312 634 sponsalia

532 662 617 722 filiae
639 662 839 740 natalemque
861 662 960 738 geniti
981 662 1106 740 nepotis
1129 661 1258 723 silentio
1278 682 1312 723 ac

328 741 477 802 m'm‘
533 773 657 829 tanturn
680 767 853 827 domestica
875 766 1025 843 religione
1049 768 1211 843 transegit.
1254 769 1313 829 Ne

273 818 411 938 ,mm
533 872 648 932 minem
670 871 815 932 exsulum
833 872 896 932 nisi
916 891 955 931 ex
978 878 1106 932 senatus
1126 874 1314 935 anctoritate

305 978 455 1040 restituit.
500 977 547 1036 Ut
567 974 628 1035 sibi
649 974 683 1033 in
699 973 817 1033 curiam
835 972 1029 1052 praefectum
1050 971 1199 1050 praetorii
1218 972 1314 1032 tribu·

292 1065 424 1163 'nosque
439 1081 579 1142 militum
593 1098 698 1141 secum
714 1078 860 1138 inducere
875 1077 993 1154 liceret,
1009 1086 1106 1158 utque
1121 1087 1190 1141 rata
1208 1086 1314 1142 essent

305 1209 385 1271 qnae
406 1192 623 1268 procuratores
644 1184 693 1244 sni
715 1183 750 1242 in
774 1181 942 1243 iudicando
968 1189 1152 1260 statuerent,
1174 1185 1315 1263 precario

306 1295 419 1374 exegit.
463 1293 519 1353 Ius
533 1290 746 1350 nundinarum
761 1287 795 1346 in
809 1288 935 1367 privata
949 1289 1079 1367 praedia
1095 1308 1114 1349 a
1134 1289 1314 1350 consulibus

261 1416 290 1462 10
305 1402 395 1482 petit.
436 1396 676 1475 Cognitionibus
692 1396 932 1471 magistratuum
949 1400 985 1453 nt
999 1413 1080 1455 unus
1094 1412 1111 1453 e
1125 1394 1315 1454 consiliariis

306 1509 490 1585 frequenter
509 1501 674 1576 interfuit;
697 1500 821 1560 eosdem
840 1499 1019 1578 spectacula
1039 1499 1162 1560 edentis
1184 1517 1316 1577 surgens

307 1621 338 1675 et
360 1614 427 1692 ipse
449 1630 519 1671 cum
546 1614 650 1668 cetera
674 1605 769 1666 turba
789 1622 864 1665 voce
889 1623 926 1665 ac
950 1623 1045 1665 manu
1066 1612 1235 1666 veneratus
1260 1610 1316 1665 est.

307 1718 456 1781 Tribunis
481 1714 584 1795 plebis
608 1711 798 1772 adeuntibus
822 1728 855 1771 se
880 1729 937 1788 pro
964 1709 1116 1770 tribunali
1144 1709 1317 1784 excusavit,

308 1825 536 1905 quodpropter
554 1817 717 1895 angustias
734 1835 798 1876 non
820 1821 926 1893 posset
947 1815 1056 1875 audire
1077 1833 1129 1875 eos
1151 1814 1215 1875 nisi
1236 1820 1319 1875 stan·

263 1947 291 1992 15
307 1939 364 1993 tes.
407 1928 509 2000 Quare
533 1926 567 1984 in
592 1922 680 1984 brevi
709 1921 813 1999 spatio
841 1924 965 1980 tantum
992 1919 1107 1980 amoris
1135 1919 1319 1998 fauorisque

308 2034 444 2112 collegit,
466 2039 503 2093 nt
527 2049 598 2091 cum
624 2027 801 2107 profectum
827 2043 898 2084 eum
924 2019 1047 2086 Ostiam
1071 2024 1192 2102 perisse
1214 2043 1255 2085 ex
1275 2025 1319 2084 in·

309 2141 399 2204 sidiis
413 2137 597 2199 nuntiatum
616 2138 709 2207 esset,
726 2149 841 2207 magna
858 2130 1109 2191 consternatione
1130 2129 1267 2207 populus
1288 2134 1320 2189 et

308 2246 445 2308 militem
465 2241 557 2322 quasi
578 2239 780 2319 proditorem,
799 2240 831 2296 et
851 2240 994 2295 senatum
1016 2234 1108 2312 quasi
1129 2234 1319 2312 parricidam

309 2353 388 2415 diris
410 2347 661 2412 execrationibus
683 2344 838 2403 incessere
858 2359 921 2399 non
943 2344 1017 2399 ante
1038 2338 1207 2414 destiterit,
1226 2358 1319 2417 quam

263 2470 294 2517 ac
309 2478 391 2521 unus
405 2465 500 2536 atque
515 2455 596 2515 alter
610 2458 643 2512 et
657 2469 731 2509 mox
745 2447 861 2526 plures,
877 2464 897 2505 a
910 2444 1148 2520 magistratibus
1164 2444 1198 2503 in
1218 2450 1321 2505 rostra

309 2562 464 2646 producti,
480 2560 603 2622 salvum
618 2561 651 2616 et
665 2551 918 2633 appropinquare
933 2548 1133 2609 affirmarent.

349 2672 418 2732 Nec
432 2675 538 2730 tamen
552 2682 664 2741 expers
683 2658 870 2720 insidiarum
890 2672 1114 2731 usquequaque
1135 2657 1367 2732 permansit,18

311 2779 366 2839 sed
380 2782 412 2837 et
426 2795 446 2836 a
460 2770 594 2848 singulis
608 2774 640 2828 et
654 2786 710 2846 per
729 2764 899 2825 factionem
916 2767 949 2820 et
969 2758 1105 2837 denique
1126 2759 1216 2819 civili
1237 2760 1320 2820 bello

536 2876 708 2935 infestatus
730 2876 786 2930 est.
830 2868 857 2925 E
877 2864 967 2943 plebe
989 2864 1083 2923 homo
1103 2870 1194 2924 nocte
1216 2863 1321 2925 media
1407 2881 1420 2912 ο

536 2982 627 3041 iuxta
652 2975 831 3037 cubiculum
860 2971 927 3030 eius
956 2987 1028 3029 cum
1052 2968 1189 3046 pugione
1213 2970 1321 3048 depre

536 3088 654 3146 hensus
672 3086 738 3155 est3
760 3077 878 3156 reperti
892 3082 924 3136 et
942 3072 1098 3152 equestris
1115 3073 1237 3135 ordinis
1259 3075 1320 3134 dno

310 3200 344 3262 in
358 3197 484 3277 publico
501 3212 571 3253 cum
593 3187 705 3248 dolone
726 3203 762 3244 ao
778 3181 937 3243 venatorio
958 3179 1059 3240 cultro
1080 3179 1319 3257 praestolantes,

310 3305 391 3364 alter
403 3273 452 3359 ⁸ut
476 3314 634 3374 egressum
658 3292 794 3363 theatro,
815 3287 896 3348 alter
919 3293 955 3346 ut
981 3285 1207 3346 sacrificantem
1236 3285 1320 3363 apud

310 3405 425 3467 Martis
440 3402 548 3462 aedem
568 3399 757 3459 adoreretnr.
800 3391 1067 3470 Ocnspiraverunt
1085 3396 1192 3451 autem
1209 3391 1319 3451 adres

266 3522 297 3569 ³0
311 3527 408 3572 novas
426 3505 539 3566 Gallus
558 3500 689 3563 Asinius
704 3502 737 3557 et
760 3496 906 3556 Statilius
927 3495 1091 3571 Corvinus,
1106 3496 1263 3557 Pollionis
1284 3514 1319 3556 ac

311 3611 467 3674 Messalae
492 3612 650 3667 oratorum
671 3607 811 3679 nepotes,
833 3600 1006 3678 assumptis
1026 3600 1242 3678 compluribus
1264 3602 1320 3662 lib

310 3718 388 3782 ertis
413 3714 514 3794 ipsius
539 3717 634 3789 atque
659 3707 767 3769 servis.
810 3705 935 3765 Bellum
959 3704 1052 3766 civile
1078 3706 1179 3768 movit
1203 3709 1319 3770 Furius

305 742 327 791 U

310 2946 482 3009 conspiratus

263 3006 293 3051 ²⁶
309 3021 477 3085 aguratum
