2984 4359
357 117 458 162 ¹-s

312 283 360 348 ,ζ1
390 261 394 270 ξ
479 300 590 351 uranu
613 300 664 350 111.
717 278 897 351 ¹missurus.
1151 286 1194 353 15

159 441 163 450 .
253 405 307 488 V]
493 422 497 441 ι

130 513 151 559 x.
182 457 197 560 ἰ
228 511 231 518 ,
318 481 323 488 “
362 465 1049 546 ΤοιῆουγἹσπομένοιᾳκαὶέκπυρὸςαῖθομένοιο

114 643 134 676 x*
357 562 465 638 Ἄμφω
476 564 669 640 νοστήσαιμεν,
682 563 741 623 ἐπεὶ
753 563 870 640 περίοιδε
883 567 987 639 raficas·

87 683 123 750 'J‘
157 689 166 712 '¹
225 696 424 757 Attenuatum
448 706 476 757 tc
502 716 564 756 esse
588 702 811 757 continuatione
839 700 976 758 taboram
1004 718 1071 757 cum
1098 702 1192 758 usitato

187 811 213 861 et
232 804 303 879 lego,
318 805 353 861 di
366 822 412 861 me
426 806 558 878 perdant
572 808 634 864 nisi
652 805 828 863 cohorrescit
844 823 950 880 corpses
968 822 1087 877 meum;
1108 812 1193 879 teque

186 927 237 967 oro
255 917 289 967 ut
307 928 420 983 parcas
441 912 504 983 tibi,
523 929 560 968 ue
575 913 603 968 st
619 918 645 968 te
668 911 807 987 larigaere
830 912 1028 983 audierimus,
1042 919 1070 968 et
1092 929 1143 986 ego
1165 918 1223 971 eta

186 1022 281 1072 mater
308 1022 362 1072 tua
390 1018 573 1089 exspiremus
599 1024 627 1073 et
652 1017 688 1074 de
712 1034 833 1074 summa
857 1018 965 1090 imperi
988 1017 1038 1072 sui
1059 997 1193 1090 papatem

186 1120 345 1178 Romanus
356 1121 548 1195 periclitetur.

1358 347 1363 364 l

1112 389 1127 450 i
1201 361 1370 430 ἨΜ

1148 429 1152 442 Ι

265 1250 354 1307 Mitt
368 1252 488 1308 interest
501 1251 618 1309 ualeam
632 1254 695 1325 ipse
709 1269 808 1324 necne,
823 1254 851 1308 si
864 1259 897 1308 tu
911 1269 972 1309 non
985 1251 1105 1309 valebis.

224 1380 307 1438 Deos
329 1382 455 1454 obsecro,
481 1388 513 1438 ut
536 1389 562 1439 tc
585 1382 671 1439 nobis
695 1389 866 1440 conseruent
890 1389 917 1439 et
941 1382 1040 1440 calere
1060 1400 1141 1440 nunc
1164 1388 1192 1440 et

185 1503 300 1559 semper
307 1488 477 1559 patiantur,
492 1488 521 1542 si
534 1504 595 1543 non
603 1488 752 1561 populum
769 1486 945 1546 Romanum
954 1489 1059 1561 perosi
1072 1495 1149 1544 sarit.
1208 1505 1238 1552 10

138 1631 172 1682 22
225 1615 398 1673 Excessum
412 1613 550 1690 Augusti
560 1633 623 1673 non
632 1614 721 1692 prius
733 1614 838 1693 palam
852 1614 1040 1691 fecit,quam
1049 1615 1193 1693 Agrippa

186 1719 296 1778 iuvene
312 1717 508 1796 interemptu.
552 1720 648 1779 Hunc
661 1720 809 1779 tribunus
825 1719 964 1780 militum
979 1724 1085 1779 custos
1099 1738 1193 1798 appo-

186 1822 266 1884 situs
287 1822 413 1898 occidit,
435 1822 525 1884 lectis
547 1824 710 1900 codicillis,
730 1824 845 1902 quibus
870 1832 906 1884 ut
931 1825 963 1884 id
989 1868 1127 1917 nmero,

172 1929 302 1989 ⁴faceret
326 1928 508 2004 iubebatur;
534 1949 611 2007 quos
642 1929 804 1990 codicillos
832 1930 961 1991 dubium
990 1945 1036 1991 the
1046 1956 1131 2004 young

185 2034 255 2108 fuit,
284 2035 488 2110 Augustusne
516 2034 652 2094 moriens
682 2035 873 2112 reliquisset,
902 2056 964 2113 quo
990 2018 1103 2079 “fill''
1209 2059 1237 2106 15

185 2138 348 2199 materiam
369 2138 525 2199 tumultus
546 2147 617 2217 post
641 2158 674 2200 se
698 2141 901 2218 subduceret;
923 2161 963 2203 an
985 2146 1111 2206 nomine
1130 2147 1192 2206 Au·

186 2244 269 2319 gusti
294 2243 388 2303 Livia
410 2250 444 2303 et
467 2262 504 2304 ea
527 2244 651 2305 conscio
675 2244 800 2305 Tiberio
824 2266 866 2307 an
890 2248 1008 2325 ignaru,
1030 2251 1190 2312 dictasset.

185 2348 328 2409 Tiberius
343 2348 539 2409 renuntianti
557 2350 692 2425 tribuno,
708 2350 829 2410 factum
850 2371 918 2413 esse
940 2356 1024 2431 quod
1046 2356 1192 2433 imperas·

186 2459 348 2530 setasque
364 2457 525 2529 imperasse
539 2475 569 2515 se
583 2464 610 2515 et
623 2459 814 2516 redditurum
828 2477 896 2517 eum
911 2465 1031 2520 seriatm
1044 2466 1192 2522 rationem

176 2559 356 2637 respondit,
378 2558 531 2619 invidiam
555 2559 676 2620 scilicet
696 2560 730 2619 in
751 2563 931 2639 praesentia
951 2565 1064 2627 vitans.
1107 2568 1191 2626 Nam
1207 2588 1237 2632 no

139 2682 173 2731 23
187 2684 257 2723 mox
282 2653 414 2724 silentio
432 2683 498 2724 rem
526 2665 715 2725 obliteravit.
770 2657 843 2728 Iure
870 2675 976 2728 autem
1004 2671 1191 2732 tribuniciae

186 2770 352 2845 potestatis
377 2775 483 2829 coacto
508 2776 619 2830 senatu
643 2771 852 2849 incohataque
881 2774 1088 2851 adlocutione,
1109 2777 1192 2836 dere-

159 2884 160 2887 ’
186 2881 278 2951 pente
302 2875 391 2934 velut
419 2875 521 2952 impar
545 2875 646 2935 dolori
670 2878 857 2953 congemuit,
882 2885 979 2957 utque
1001 2900 1063 2941 non
1090 2882 1191 2941 solum

186 3000 246 3040 vox
277 2981 333 3041 sed
361 2987 394 3041 et
421 2981 552 3059 spiritus
580 2982 727 3042 deficeret
755 2983 877 3061 optavit
905 3004 940 3044 ac
969 2986 1192 3062 perlegendum

187 3086 298 3145 librum
314 3087 419 3146 Druso
432 3086 499 3146 filio
512 3088 654 3148 tradidit.
696 3088 837 3149 Inlatum
851 3090 965 3149 deinde
1207 3121 1236 3165 to

187 3191 324 3268 Augusti
341 3198 573 3282 testamentum,
589 3213 652 3252 non
668 3194 816 3254 admissis
831 3195 966 3270 signato
990 3167 1151 3288 23¹1}th

187 3296 272 3357 ribus
300 3298 362 3358 nisi
391 3299 541 3358 senatorii
571 3299 700 3374 ordinis,
728 3302 841 3361 ceteris
876 3307 966 3361 extra

188 3402 303 3462 curiam
319 3403 410 3478 signa
424 3405 674 3480 agnoscentibus,
689 3405 836 3465 recitavit
850 3426 906 3484 per
920 3406 1076 3469 libertum.
1120 3410 1191 3469 Tes-

188 3507 318 3567 tamenti
343 3507 470 3568 initium
491 3508 571 3568 fuit:
604 3510 756 3584 Quoniam
776 3519 864 3570 atron
877 3515 1007 3587 fortuna
1030 3516 1144 3575 Gaiam
1164 3524 1191 3574 et
1249 3541 1251 3544 ·

188 3613 317 3672 Iniciam
322 3615 409 3688 filios
425 3614 501 3672 milri
519 3617 639 3689 eripuit,
658 3616 797 3675 liberius
820 3616 934 3677 Caesar
953 3621 1030 3678 miti
1051 3640 1086 3679 ea
1101 3629 1191 3695 parte
1207 3640 1236 3685 so

189 3718 318 3776 dimidia
331 3725 359 3776 et
372 3724 504 3777 sectante
518 3719 601 3778 teres
614 3728 682 3778 esto.
726 3720 794 3791 Quo
807 3726 840 3780 et
859 3721 929 3799 ipso
947 3729 1039 3783 aucta
1054 3724 1191 3802 suspicio
