2984 4359
470 265 581 315 urana
604 264 657 317 111.
708 264 888 316 ussurus
1163 256 1184 319 9

177 435 254 497 tatis
281 442 433 515 tempore,
461 437 625 499 confessus
655 436 793 513 tandem,
821 436 903 496 nihil
938 435 1025 498 aliud
1058 455 1184 501 secessu

179 541 337 603 devitasse
352 561 385 603 se
400 560 495 621 quam
508 541 728 603 aemulationis
743 560 814 603 cum
830 543 863 603 Ο.
879 542 1039 620 Lucioque
1056 542 1185 621 suspici·

180 666 278 722 onem,
293 648 377 725 petit
391 652 429 707 ut
442 646 503 707 sibi
520 665 629 708 securo
644 647 708 707 iam
725 647 765 708 ab
781 646 840 707 hac
860 653 957 725 parte,
972 648 1183 709 conroboratis

179 753 228 813 his
250 757 282 813 et
303 752 476 813 secundum
497 752 599 813 locum
620 751 715 813 facile
739 752 927 828 tutantibus,
949 752 1184 831 permitteretur

180 858 315 919 revisere
329 857 588 932 necessitudines,
600 876 733 936 quarum
744 856 900 918 desiderio
911 863 1078 919 teneretur.
1123 859 1184 919 Sed
1199 871 1215 917 s

180 983 280 1042 neque
293 963 477 1041 impetravit
491 963 636 1041 ultroque
650 962 746 1023 etiam
761 961 941 1024 admonitus
956 969 1013 1038 est,
1025 966 1185 1024 dimitteret

135 1073 168 1124 12
181 1088 298 1129 omnem
317 1088 424 1129 curum
444 1088 577 1144 suorum,
599 1087 673 1144 quos
693 1077 756 1128 tum
776 1072 884 1144 cupide
903 1071 1077 1145 reliquisset.
1126 1069 1186 1129 Re

181 1173 296 1235 mansit
314 1174 413 1250 igitur
431 1173 537 1234 Rhodi
559 1179 668 1234 contra
685 1172 890 1248 voluntatem,
904 1173 961 1233 vix
979 1192 1036 1251 per
1053 1179 1185 1235 matrem

181 1285 374 1354 consecutus,
396 1286 433 1339 ut
456 1280 497 1339 ad
520 1277 688 1339 velandam
713 1278 918 1355 ignominiam
943 1278 1038 1367 quasi,
1062 1278 1185 1355 legatus

180 1383 325 1461 Augusto
346 1364 493 1471 abesset]
1203 1390 1231 1437 10

219 1490 389 1550 Enimvero
399 1494 475 1550 tunc
486 1509 549 1549 non
559 1489 718 1566 privatum
729 1488 832 1564 modo,
843 1489 899 1549 sed
909 1489 1005 1550 etiam
1016 1488 1186 1550 obnoxium

182 1601 213 1656 et
226 1596 383 1673 trepidum
400 1595 473 1670 egit,
485 1594 722 1655 mediterraneis
737 1594 821 1670 agris
835 1593 960 1655 abditus

181 1700 348 1777 vitansque
361 1699 704 1778 praeternavigantium
721 1698 831 1773 officia,
846 1698 960 1775 quibus
986 1678 1185 1813 &ww

181 1806 441 1883 frequentabatur
454 1804 588 1879 assidue,
603 1804 728 1865 nemine
743 1822 814 1864 cum
830 1803 961 1881 imperio

182 1910 430 1987 autmagistratu
438 1911 586 1970 tendente
596 1928 752 1987 quoquam
760 1910 838 1987 quin
844 1910 1021 1970 deuerteret
1030 1909 1185 1969 Rhodum.
1203 1925 1232 1970 15

181 2018 224 2076 Et
243 2022 442 2077 accesserunt
466 2015 592 2075 maioris
619 2014 842 2075 sollicitudinis
867 2033 986 2075 causae.
1039 2014 1187 2092 Namque

181 2121 361 2199 privignum
396 2120 510 2182 Gaium
546 2120 669 2182 Orienti
704 2120 928 2198 praepositum,
959 2139 1029 2180 curn
1063 2119 1186 2180 visendi

70 2293 73 2299 ,
182 2225 282 2302 gratia
295 2225 471 2287 traiecisset
486 2226 622 2300 Samum,
638 2224 820 2285 alieniorem
836 2224 897 2285 sibi
912 2224 1012 2286 sensit
1030 2243 1070 2285 ex
1087 2223 1188 2285 crimi-

181 2331 362 2392 nationibus
376 2331 420 2391 M.
433 2330 517 2390 Lolli
532 2330 656 2391 comitis
671 2336 704 2390 et
717 2329 848 2390 rectoris
863 2330 938 2390 eius.
981 2330 1077 2390 Venit
1092 2329 1188 2390 etiam

181 2435 215 2496 in
235 2435 455 2514 suspicionem,
470 2454 525 2514 per
540 2436 691 2514 quosdam
712 2434 856 2495 beneficii
878 2435 928 2495 sui
950 2436 1147 2495 centuriones
1168 2454 1188 2495 a
1202 2451 1233 2497 uu

182 2546 356 2602 commeatu
380 2547 483 2601 castra
506 2541 680 2619 repetentis
705 2539 855 2600 mandata
879 2540 920 2600 ad
941 2540 1116 2618 complures
1137 2540 1188 2601 de

183 2646 264 2706 disse
289 2646 436 2722 ambigua
456 2651 489 2706 et
510 2665 589 2724 quae
610 2651 766 2724 temptare
789 2644 982 2720 singulorum
1003 2646 1124 2706 animos
1145 2647 1187 2706 ad

182 2770 277 2812 novas
305 2770 355 2811 res
383 2752 573 2812 viderentur.
629 2753 677 2811 De
708 2770 770 2829 qua
804 2750 980 2829 suspicione
1008 2751 1120 2810 certior
1147 2751 1187 2811 ab

182 2857 326 2932 Augusto
337 2858 450 2932 factus,
462 2877 524 2917 non
540 2857 675 2918 cessavit
689 2856 858 2932 efflagitare
871 2856 1007 2932 aliquem
1018 2855 1187 2916 cuiuslibet

138 2969 170 3019 13
183 2962 302 3023 ordinis
320 2963 482 3021 custodem
499 2963 595 3022 factis
615 2969 708 3040 atque
727 2962 823 3022 dictis
845 2960 919 3021 suis.
962 2960 1045 3038 Equi
1062 2979 1187 3038 quoque
1202 2981 1231 3027 as

183 3073 214 3125 et
234 3085 391 3127 armorum
413 3067 521 3127 solitas
543 3068 782 3128 exercitationes
809 3067 915 3126 omisit
940 3066 1122 3144 redegitque
1144 3084 1186 3140 se,

183 3171 325 3250 deposito
345 3174 450 3251 patrio
470 3174 590 3249 habitu,
605 3176 646 3235 ad
664 3173 796 3254 pallium
817 3179 849 3234 et
869 3172 1021 3251 crepidas,
1038 3177 1133 3248 atque
1154 3171 1187 3230 in

183 3277 240 3337 tali
262 3283 348 3338 statu
369 3279 496 3339 biennio
510 3280 577 3339 fere
592 3280 774 3358 permansit,
791 3278 999 3357 contemptior
1013 3277 1046 3337 in
1066 3276 1134 3337 dies
1155 3281 1188 3335 et

185 3382 322 3459 invisior,
344 3384 423 3444 adeo
442 3390 478 3444 ut
498 3385 651 3462 imagines
672 3386 740 3445 eius
761 3390 793 3445 et
815 3390 935 3445 statuas
956 3385 1187 3444 Nemausenses

187 3488 405 3563 subverterint,
428 3507 463 3549 ac
491 3490 642 3551 familiari
670 3490 827 3568 quondam
855 3489 1000 3549 convivio
1028 3485 1188 3547 mentione
1202 3503 1233 3551 ω

186 3594 249 3656 eius
270 3600 348 3671 orta,
364 3592 524 3653 exstiterit
545 3594 600 3671 qui
622 3595 703 3656 Gaio
723 3595 933 3673 polliceretur,
954 3592 1121 3654 confestim
1143 3610 1186 3667 se,

188 3699 213 3758 si
235 3701 366 3774 iuberet,
391 3697 539 3756 Rhodum
563 3698 782 3775 navigaturum
807 3706 962 3776 caputque
987 3697 1105 3758 exsulis
1127 3695 1193 3774 (sio
